3125 4984
1481 324 1559 332 —
1604 306 1709 348 vlu
1753 325 1833 335 —
1911 283 1923 296 “

585 362 929 425 1‚2,4-36
2464 371 2733 438 84—116

603 1329 662 1378 10

603 1857 662 1906 15

599 2534 662 2584 20
714 2532 831 2590 DE.

597 3703 660 3754 30

596 4349 659 4398 35

713 484 821 541 MJ.
849 484 1009 552 Quid
1052 484 1245 542 fecit?
1328 485 1444 542 DE.
1503 485 1664 552 Quid
1711 485 1814 543 ille
1862 487 2095 558 fecerit,
2128 506 2327 562 -quem
2376 507 2574 564 neque

714 1123 832 1180 DE.

714 2299 824 2359 M1.

710 3813 827 3871 DE.

2103 580 2293 654 pudet

855 693 1195 765 Quicquam
1219 708 1328 749 nec
1342 695 1563 751 metuit
1577 711 1949 769 quemquam
1970 713 2169 770 neque
2184 698 2382 772 legem
2398 703 2579 774 putat
2646 693 2720 748 85

854 803 1085 860 Tenere
1115 820 1178 860 se
1210 804 1401 861 ullam
1417 805 1444 861 ΕΡ
1467 807 1629 862 Nam
1657 804 1767 862 illa
1787 824 1943 880 quae
1965 808 2226 866 antehac
2250 810 2414 866 facta
2434 813 2581 866 sunt

856 909 1085 966 Omitto
1106 927 1123 981 3
1170 911 1350 967 modo
1395 912 1545 984 quid
1595 913 1986 984 designavit?
2058 913 2166 970 M1.
2227 915 2386 982 Quid
2434 931 2579 972 nam

1418 1034 1430 1045 ,
2070 1005 2131 1059 id
2158 1007 2251 1060 est
2270 1004 2297 1061 <i

861 1123 1037 1181 Foris
1067 1125 1302 1198 effregit
1327 1128 1512 1198 atque
1541 1125 1606 1180 in
1638 1126 1804 1181 aedis
1828 1125 2021 1182 inruit

856 1229 1107 1286 Alienas
1123 1247 1141 1300 3
1172 1231 1377 1302 ipsum
1404 1229 1724 1287 dominum
1756 1235 1938 1304 atque
1988 1247 2233 1288 omnem
2276 1233 2578 1289 familiam

857 1332 1152 1389 Mulcavit
1183 1349 1377 1406 usque
1408 1334 1485 1389 ad
1515 1337 1772 1390 mortem
1794 1350 1812 1404 3
1846 1334 2068 1408 eripuit
2096 1334 2412 1391 mulierem
2648 1327 2721 1383 90

858 1438 1052 1504 Quam
1088 1437 1378 1508 amabat3
1412 1437 1689 1495 clamant
1703 1455 1916 1494 omnes
1945 1438 2393 1511 indignissume

855 1541 1116 1597 Factum
1147 1557 1299 1598 esse.
1360 1544 1496 1599 Hoc
1526 1542 1877 1600 advenienti
1904 1547 2055 1616 quot
2082 1546 2256 1612 mihi,
2301 1547 2504 1616 Micio,

856 1645 1077 1701 Dixere
1103 1645 1114 1700 1
1149 1644 1220 1700 In
1252 1661 1353 1701 ore
1384 1649 1476 1702 est
1505 1647 1673 1701 omni
1702 1647 1951 1720 popu10.
2027 1646 2327 1720 Denique,

871 1756 935 1812 Si
964 1756 1402 1812 conferendum
1435 1757 1786 1831 exemplum
1821 1761 1934 1826 est,
1975 1775 2098 1814 non
2129 1761 2383 1817 fratrem
2409 1763 2579 1819 videt

861 1864 973 1920 Rei
1004 1867 1148 1922 dare
1181 1880 1450 1938 operam,
1483 1868 1611 1923 ruri
1650 1884 1781 1924 esse
1827 1885 2082 1941 parcum
2136 1884 2207 1924 ac
2254 1869 2576 1927 sobrium?
2648 1865 2721 1920 95

859 1981 1118 2044 Nullum
1172 1981 1357 2053 hujus
1412 1975 1611 2039 simile
1658 1984 1910 2040 factum.
1988 1985 2155 2041 Haec
2204 1998 2399 2059 quom
2457 1983 2573 2051 illi,

2085 2075 2289 2143 Micio,

856 2178 1027 2248 Dim,
1061 2179 1175 2234 tibi
1204 2179 1338 2235 dico
1365 2195 1384 2250 3
1417 2182 1485 2236 tu
1516 2179 1697 2235 illum
1728 2182 2035 2254 corrumpi
2064 2182 2237 2239 sinis,

857 2300 1123 2357 Homine
1181 2301 1844 2374 imperitonumquam
1886 2303 2217 2376 quicquam
2254 2304 2571 2376 injustiuS‚

855 2408 993 2476 Qui,
1017 2407 1138 2463 nisi
1167 2408 1331 2481 quod
1358 2408 1486 2482 ipse
1519 2408 1681 2476 fecit,
1706 2409 1795 2464 nil
1826 2413 2060 2466 rectum
2089 2413 2287 2485 putat.

861 2534 1167 2601 Quorsum
1196 2532 1404 2591 istuc?
1456 2533 1564 2591 M1.
1608 2535 1763 2602 Quia
1792 2538 1879 2604 tu,
1920 2536 2169 2602 Demea,
2216 2535 2368 2593 haec
2414 2533 2574 2591 male
2614 2530 2723 2588 100

2024 2625 2285 2697 judicas,

854 2719 994 2790 Non
1027 2735 1119 2788 est
1145 2732 1468 2804 flagitium,
1497 2733 1652 2789 mihi
1683 2735 1877 2802 crede,
1910 2734 2438 2792 adulescentulum

856 2835 1144 2904 Scortari,
1174 2851 1370 2909 neque
1400 2836 1649 2908 potare3
1679 2853 1803 2893 non
1834 2841 1965 2909 est3
1993 2852 2191 2909 neque
2223 2839 2373 2894 foris

857 2941 1216 3012 Effringere.
1292 2941 1458 2996 Haec
1490 2941 1542 2996 si
1574 2956 1770 3013 neque
1801 2957 1911 3013 ego
1941 2957 2142 3013 neque
2187 2944 2253 2998 tu
2293 2941 2571 3009 fecimUS‚

854 3051 992 3108 Non
1022 3053 1124 3109 siit
1153 3037 1390 3126 egestas
1417 3053 1616 3109 facere
1646 3068 1759 3107 nos
1776 3068 1794 3122 3
1828 3055 1893 3107 tu
1925 3067 2091 3108 nunc
2121 3051 2234 3106 tibi

853 3156 925 3212 Id
955 3155 1125 3212 laudi
1156 3157 1349 3223 duciS‚
1383 3157 1548 3228 quod
1580 3161 1713 3212 tum
1744 3156 1943 3211 fecisti
1966 3156 2174 3228 inopia
2195 3199 2209 3215 .
2614 3157 2721 3214 105

855 3259 1157 3332 Injurium
1197 3263 1288 3316 est
1312 3277 1329 3330 3
1363 3275 1508 3316 nam
1540 3261 1591 3316 si
1614 3262 1773 3316 esset
1803 3259 1965 3316 unde
1996 3260 2057 3315 id
2089 3260 2286 3325 fieret,

853 3363 1218 3436 Faceremus
1243 3379 1258 3432 3
1291 3365 1351 3418 et
1380 3365 1448 3419 tu
1477 3362 1656 3419 illum
1690 3364 1882 3429 tuom,
1919 3363 1971 3418 si
2002 3377 2166 3418 esses
2198 3361 2405 3429 hom0‚

854 3472 1094 3528 Sineres
1127 3487 1291 3527 nunc
1319 3472 1537 3540 facere,
1572 3472 1719 3527 dum
1752 3489 1858 3544 per
1886 3474 2147 3530 aetatem
2177 3471 2338 3539 licet,

854 3581 1066 3637 Potius
1097 3597 1306 3653 quam,
1340 3580 1448 3636 uhi
1478 3585 1536 3638 te
1568 3583 1988 3650 exspectatum
2019 3580 2293 3652 ejecisset
2314 3579 2500 3647 foras,

853 3688 1162 3744 Alieniore
1193 3691 1393 3745 aetate
1422 3691 1562 3761 post
1593 3689 1819 3744 faceret
1842 3691 2072 3744 tamen.
2615 3693 2722 3750 110

854 3813 970 3869 Pro
1016 3812 1311 3887 Iuppiter,
1343 3816 1412 3870 tu
1442 3813 1627 3871 homo
1664 3815 1860 3887 adigis
1889 3830 1986 3872 me
2015 3815 2094 3871 ad
2121 3815 2459 3874 insaniam.

852 3919 991 3974 Non
1041 3923 1133 3974 est
1181 3919 1485 3991 flagitium
1533 3920 1729 3977 facere
1782 3920 1931 3976 haec
1993 3918 2574 3977 adulescentulum?

2012 4009 2119 4066 M1.
2165 4009 2286 4077 Ah,

851 4118 1170 4185 Ausculta,
1204 4133 1280 4174 ne
1307 4135 1404 4174 me
1434 4119 1742 4176 obtundas
1774 4120 1846 4174 de
1878 4119 1991 4174 hac
2022 4135 2083 4174 re
2116 4119 2361 4193 saepius
2392 4135 2403 4176 :

851 4226 1048 4280 Tuom
1080 4225 1281 4281 filium
1313 4224 1535 4281 dedisti
1568 4226 1991 4298 adoptandum
2021 4225 2172 4281 mihi
2195 4243 2213 4296 3

854 4329 915 4386 Is
944 4345 1117 4386 meus
1145 4335 1236 4388 est
1267 4332 1466 4388 factus
1496 4349 1508 4388 :
1544 4333 1597 4388 si
1627 4333 1776 4404 quid
1800 4337 2030 4405 peccat,
2060 4331 2316 4404 Demea,
2616 4341 2723 4400 115

857 4438 1010 4494 Mihi
1037 4443 1247 4513 peccat
1274 4456 1293 4511 3
1321 4456 1432 4514 ego
1461 4441 1552 4498 illi
1583 4457 1943 4499 maxumam
1969 4446 2207 4518 partem
2243 4441 2393 4500 fero.
