3125 4984
354 455 510 507 Prol.
545 458 570 507 1
600 482 665 496 —
691 458 770 509 25.
2302 472 2325 522 1
2360 497 2421 508 —
2452 470 2519 522 25

371 2272 438 2323 10

375 2802 440 2855 15

377 3339 448 3395 20

379 3878 443 3932 25

1095 904 1833 982 PROLOGVS

577 1292 914 1364 Postquam
944 1296 1128 1369 poeta
1155 1294 1349 1353 sensit
1375 1293 1747 1370 scripturam
1778 1309 1955 1351 suam

575 1400 678 1457 Ab
705 1401 936 1474 iniquis
962 1402 1276 1459 observari
1307 1406 1368 1459 et
1397 1402 1787 1459 advorsarios

583 1507 824 1581 Rapere
855 1509 918 1564 in
949 1510 1220 1581 pejorem
1252 1514 1491 1584 partem
1526 1526 1715 1582 quam
1746 1509 1943 1565 acturi
1975 1524 2213 1573 sumus,

579 1614 816 1671 Indicio
848 1616 922 1672 de
953 1632 1018 1672 se
1047 1617 1178 1691 ipse
1208 1618 1344 1686 erit,
1375 1631 1486 1674 vos
1515 1616 1684 1673 eritis
1707 1616 1963 1689 judices,

581 1722 826 1779 Laudin
866 1739 946 1779 an
976 1724 1127 1779 vitio
1158 1724 1298 1779 duci
1326 1725 1392 1780 id
1415 1724 1650 1781 factum
1680 1726 1979 1797 oporteat.

578 1830 1230 1905 Synapothnescontes
1259 1832 1497 1906 Diphili
1527 1832 1839 1889 comoedia
1876 1834 2005 1888 est:

574 1938 734 1995 Eam
763 1938 1233 1996 Commorientis
1259 1940 1514 1997 Plautus
1543 1940 1688 1996 fecit
1715 1937 2015 1995 fabulam.

578 2046 654 2103 In
683 2046 920 2104 Graeca
949 2047 1312 2105 adulescens
1341 2051 1455 2116 est,
1487 2049 1596 2121 qui
1623 2046 1831 2105 lenoni
1860 2046 2039 2119 eripit

581 2154 966 2212 Meretricem
991 2155 1054 2211 in
1084 2156 1286 2229 prima
1317 2155 1569 2225 fabula3
1602 2170 1743 2211 eum
1770 2154 2025 2211 Plautus
2051 2154 2257 2211 locum

576 2261 859 2335 Reliquit
879 2262 1190 2335 integrum
1223 2280 1242 2334 3
1276 2277 1414 2319 eum
1445 2262 1545 2318 hie
1568 2261 1773 2319 locum
1800 2262 2066 2336 sumpsit
2093 2262 2212 2318 sibi
2438 2264 2513 2323 10

577 2370 652 2426 In
692 2343 1028 2444 Adelphos,
1059 2370 1318 2427 verbum
1350 2370 1423 2426 de
1451 2371 1641 2427 verbo
1669 2384 2029 2446 expressum
2054 2368 2295 2426 extulit.

579 2477 736 2533 Eam
767 2492 882 2533 nos
913 2477 1110 2534 acturi
1143 2493 1359 2533 sumus
1382 2493 1609 2534 novam
1634 2494 1646 2533 :
1676 2476 2017 2550 pernoscite

581 2585 928 2641 Furtumne
960 2585 1188 2641 factum
1209 2584 1595 2641 existumetis
1626 2600 1705 2640 an
1734 2583 1938 2641 locum

575 2692 1061 2766 Reprehensum,
1096 2692 1203 2765 qui
1223 2692 1591 2765 praeteritus
1628 2690 2009 2763 neclegentia
2028 2695 2147 2749 est.

2478 1724 2517 1779 Ul

571 2800 734 2857 Nam
769 2800 934 2873 quod
965 2800 1072 2856 isti
1101 2798 1314 2855 dicunt
1341 2798 1639 2868 malivoli,
1672 2798 1952 2855 homines
1978 2798 2203 2855 nobilis
2439 2807 2513 2863 15

575 2908 735 2964 Eum
768 2907 1048 2980 adjutare
1075 2906 1453 2979 adsidueque
1485 2922 1611 2962 una
1642 2907 1902 2963 scrihere
1924 2948 1939 2976 ‚

575 3015 753 3082 Quod
786 3014 880 3071 illi
908 3014 1309 3071 maledictum
1339 3013 1674 3070 vehemens
1700 3029 1832 3071 esse
1861 3014 2260 3081 existumant,

577 3122 729 3179 Eam
761 3122 1010 3178 laudem
1037 3121 1136 3177 hic
1168 3120 1337 3177 ducit
1365 3136 1751 3188 maxumam,
1780 3135 1969 3194 quom
2007 3120 2131 3175 illis
2168 3119 2367 3194 placet

575 3225 691 3295 Qui
720 3228 898 3285 vohis
919 3227 1229 3285 univorsis
1259 3229 1320 3284 et
1347 3226 1579 3301 populo
1607 3225 1875 3301 placent,

545 3350 552 3357 ·
576 3335 848 3403 Quorum
873 3351 1060 3409 opera
1089 3335 1152 3392 in
1185 3334 1371 3403 helle,
1401 3335 1466 3390 in
1498 3335 1645 3403 otio,
1672 3332 1736 3391 in
1768 3334 2010 3407 negotio
2436 3334 2509 3391 20

577 3442 700 3497 Suo
732 3442 995 3515 quisque
1025 3445 1296 3514 tempore
1327 3445 1507 3497 usust
1535 3442 1669 3497 sine
1700 3424 2009 3515 superbia.

576 3549 814 3607 Dehine
843 3566 920 3607 ne
951 3548 1317 3623 exspectetis
1347 3552 1779 3621 argumentum
1810 3548 2094 3606 fabulae:

576 3656 762 3712 Senes
793 3657 901 3729 qui
927 3656 1112 3731 primi
1141 3656 1411 3725 venient,
1443 3656 1464 3712 i
1493 3659 1733 3728 partem
1764 3657 2060 3730 aperient,

576 3763 648 3819 In
677 3763 916 3837 agendo
947 3768 1186 3837 partem
1211 3761 1561 3819 ostendent.
1592 3762 1802 3819 Facite
1827 3764 2275 3836 aequanimitas

575 3870 791 3927 Poetae
823 3870 901 3927 ad
932 3870 1322 3927 scribendum
1353 3873 1579 3942 augeat
1606 3869 1994 3927 industriam.
2104 3904 2109 3907 -
2432 3871 2506 3929 25
