3125 4984
1445 318 1528 330 ·—
1567 300 1709 345 XLIV
1754 318 1827 333 —

558 360 622 426 v,
650 360 698 424 3,
728 362 759 410 7
785 387 850 401 -
873 361 923 423 4,
952 359 1014 409 22
2414 367 2508 419 895
2534 394 2597 407 -
2622 368 2735 421 920

835 500 916 557 Et
943 500 1056 557 tibi
1087 500 1166 557 oh
1198 515 1332 557 eam
1363 518 1513 570 rem,
1546 503 1751 575 siquid
1779 520 1930 559 usus
1959 506 2217 573 venerit,
2613 506 2739 563 895

838 601 1089 659 Lubens
1118 603 1276 660 bene
1301 600 1515 661 faxim.
1555 636 1629 647 —
1666 606 1928 665 Meditor
1956 624 2087 665 esse
2116 608 2427 680 adfabflffi,

839 706 919 763 Et
946 704 1102 763 hene
1127 709 1424 782 procedit.
1501 711 1615 767 Gn.
1644 710 1855 768 Bonus
1885 726 1972 781 ee,
2004 728 2189 787 quom
2217 714 2368 773 haec
2396 717 2563 774 exis-

2047 805 2273 861 tumas.

577 894 640 947 10
695 897 812 954 DEI
843 898 1152 955 Paulatim
1183 900 1426 973 plebem
1453 902 1794 975 primulum
1824 904 1983 963 facio
2012 922 2234 964 meam.

858 1145 1377 1210 Asscnmvs
1458 1150 1757 1211 DEMEA
1836 1148 2093 1213 Srnvs
2178 1151 2406 1213 GETA

925 1314 1339 1380 AnvLsscst
1503 1321 1711 1383 SENEY
1980 1323 2171 1386 Ssnw
2223 1342 2271 1387 11

591 1547 654 1598 V
709 1542 822 1598 An.
855 1538 1153 1609 Occidunt
1182 1558 1281 1599 me
1312 1543 1616 1617 equidem,
1650 1544 1799 1602 dum
1828 1546 2013 1602 nimis
2044 1550 2288 1603 sanctas
2316 1547 2565 1622 nuptias

599 1654 639 1705 4
848 1652 1108 1709 Student
1138 1654 1339 1711 facere
1370 1669 1383 1704 τ
1417 1653 1480 1709 in
1513 1654 1869 1727 adparando
1902 1660 2275 1713 consumunt
2302 1657 2481 1712 diem.
2622 1662 2743 1719 900

705 1762 823 1819 ΒΕ.
845 1761 1015 1841 Ωαίᾱ
1061 1763 1285 1834 agitur,
1331 1762 1633 1819 Aeschine
1666 1760 1695 1817 i
1766 1763 1881 1819 An.
1912 1763 2131 1829 Ehem,
2164 1765 2338 1836 pater
2364 1761 2470 1829 mi,
2499 1764 2571 1818 tu-

1269 1848 1276 1853 ’
1960 1850 2062 1909 hic
2091 1867 2228 1907 eras
2257 1850 2286 1907 ἳ

706 1956 823 2012 DE.
857 1956 1024 2012 Tuos
1053 1953 1255 2011 hercle
1284 1969 1429 2011 vero
1461 1958 1523 2011 et
1551 1954 1759 2012 animo
1795 1958 1855 2011 et
1883 1957 2107 2011 natura
2134 1956 2330 2029 pater,

613 2070 645 2121 5
845 2057 964 2125 Qui
1008 2062 1066 2113 te
1106 2059 1275 2112 amat
1321 2056 1464 2130 plus
1514 2072 1703 2129 quam
1738 2056 1922 2114 hosce
1950 2056 2180 2113 oculos.
2256 2058 2373 2115 Sed
2419 2072 2573 2130 quor

1874 2163 2000 2203 non
2032 2147 2287 2204 domum

853 2254 1120 2310 onrem
1164 2252 1425 2309 accersis
1457 2251 1487 2308 ?
1557 2252 1675 2309 ΑΕ.
1708 2252 1945 2325 Cupi03
1994 2268 2211 2310 verum
2254 2253 2370 2309 hoc
2422 2251 2574 2308 mihi

1936 2357 2144 2399 morae
2173 2344 2287 2409 est,

845 2449 1161 2510 Tibicinae
1189 2454 1250 2507 et
1294 2450 1716 2524 hymenaeum
1760 2451 1874 2525 qui
1912 2452 2177 2509 cantent:
2253 2452 2371 2508 DE.
2415 2451 2571 2513 Eho,
2628 2452 2748 2510 905

849 2562 970 2619 Vin
1027 2563 1095 2616 tu
1142 2560 1285 2617 huic
1337 2562 1473 2617 seni
1520 2562 1871 2619 auscultare
1899 2562 1928 2619 ?
1998 2564 2113 2619 ΑΕ.
2167 2563 2327 2631 Quid
2355 2562 2385 2619 ?
2456 2562 2571 2619 DE.

1744 2652 1937 2709 Missa
1966 2652 2117 2709 haec
2146 2652 2299 2722 face,

846 2756 1310 2829 Hymenaeum,
1343 2756 1584 2827 turbas,
1612 2755 1964 2831 lampadae,
1994 2755 2303 2824 tibicinas,

588 2872 648 2923 10
851 2860 1055 2936 Atque
1083 2860 1247 2919 hanc
1269 2862 1336 2919 in
1367 2861 1546 2919 horto
1580 2862 1908 2920 maceriam
1933 2862 2082 2936 jube
2109 2861 2271 2919 dirui

857 2970 1172 3036 Quantum
1201 2972 1407 3040 potest
1423 2984 1441 3039 3
1464 2968 1584 3025 hac
1610 2970 1879 3026 transfer
1894 2986 1915 3042 3
1946 2986 2137 3027 unam
2164 2970 2262 3026 fac
2290 2969 2541 3025 domum
2556 2982 2575 3039 3

854 3074 1128 3131 Traduce
1177 3077 1237 3131 et
1286 3077 1546 3131 matrem
1608 3076 1669 3131 et
1716 3071 2021 3131 familiam
2063 3090 2309 3133 omnem
2337 3072 2415 3130 ad
2443 3088 2578 3130 noe.

1904 3166 2019 3222 ΑΕ.
2057 3164 2287 3235 Placet,
2633 3168 2751 3225 910

856 3272 1045 3328 Pater
1061 3268 1481 3344 lepidissume.
1521 3268 1640 3327 DE.
1666 3270 1860 3343 Euge,
1878 3270 2010 3343 jam
2034 3270 2277 3344 lepidus
2295 3287 2582 3329 vocor.—

851 3380 1058 3437 Fratri
1089 3379 1268 3436 aedes
1298 3379 1449 3435 fient
1476 3379 1750 3453 perviae,
1779 3379 2026 3437 turbam
2053 3380 2305 3437 domum

593 3504 656 3555 15
851 3488 1154 3555 Adducet,
1187 3488 1440 3560 sumptu
1464 3488 1709 3545 amittet
1733 3487 1931 3544 multa
1955 3506 1970 3541 ι
2000 3488 2151 3562 quid
2180 3504 2318 3545 mea
2340 3486 2371 3545 ⁴?

852 3590 988 3661 Ego
1016 3587 1260 3661 lepidus
1287 3586 1428 3643 ineo
1457 3586 1743 3659 gratiam.
1823 3586 1975 3645 Iube
2005 3588 2297 3645 nunciam

853 3698 1216 3754 Dinumeret
1244 3695 1348 3753 ille
1378 3696 1620 3769 Babylo
1652 3697 1879 3770 viginti
1906 3700 2133 3755 minas.
2635 3704 2751 3760 915

856 3808 1027 3881 Syre,
1077 3821 1280 3863 cessas
1327 3806 1416 3862 ire
1460 3822 1532 3862 ac
1583 3806 1826 3865 facere?
1898 3807 2003 3865 SY.
2030 3805 2193 3875 Quid
2223 3821 2334 3878 ego
2363 3806 2393 3864 ¹?
2462 3806 2580 3863 DE.

2080 3896 2295 3952 Dirue.

859 3999 956 4055 Tu
983 3997 1126 4054 illas
1157 3998 1259 4055 abi
1291 4000 1352 4054 et
1381 3998 1650 4056 traduce.
1727 3998 1840 4056 GE.
1874 3998 1953 4055 Di
1982 3998 2117 4067 tibi,
2153 3998 2406 4067 Demea,

594 4116 659 4168 20
856 4100 1020 4157 Bene
1047 4099 1301 4169 faciant,
1330 4115 1520 4174 quom
1548 4103 1609 4157 te
1645 4100 1825 4158 video
1850 4104 2099 4158 nostrae
2125 4098 2401 4157 familiae

853 4204 1009 4260 Tam
1038 4219 1114 4261 ex
1140 4203 1357 4261 animo
1380 4204 1616 4261 factum
1636 4203 1814 4261 velle.
1891 4204 2008 4261 DE.
2042 4202 2275 4276 Dignos
2296 4200 2578 4258 arbitror.

838 4308 1012 4379 'Quid
1034 4288 1103 4367 tu
1132 4304 1272 4366 ais?
1341 4307 1458 4367 Aa.
1489 4306 1589 4365 Sic
1617 4304 1854 4383 opinor.
1929 4306 2047 4366 Dm.
2080 4304 2280 4364 Multo
2308 4304 2562 4363 rectiust
2634 4301 2746 4361 920
