3125 4984
1173 361 1251 374 --
1294 345 1502 390 XXXVII
1545 365 1623 374 —

313 423 410 490 Ν,
438 425 489 488 7,
515 423 578 476 10
603 451 665 462 -
692 423 755 474 38
2032 419 2039 430 ’
2184 430 2279 480 728
2300 423 2485 480 -'756

334 583 399 635 10
455 584 616 640 Puer
663 583 906 638 natust.
991 581 1108 639 M1.
1166 581 1246 637 Di
1295 579 1452 637 bene
1497 585 1775 639 vortant.
1857 583 1979 640 ΒΕ.
2020 583 2207 656 Virgo
2236 584 2325 640 nil

1816 673 2030 731 habet.

454 769 562 835 M1.
598 778 851 835 Audivi.
936 777 1059 834 ΒΕ.
1097 779 1177 835 Et
1207 779 1488 836 ducenda
1523 779 1805 836 indotata
1838 785 1956 838 est.
2039 779 2153 840 M1.
2193 781 2327 839 Sci-

1533 883 1540 888 ·
1860 870 2027 928 licet.

455 971 570 1028 ΒΕ.
603 969 763 1037 Quid
811 985 978 1026 nunc
1023 971 1304 1027 futurum
1353 972 1496 1029 est?
1569 972 1686 1030 M1.
1724 971 1797 1029 Id
1841 974 2006 1030 enim
2036 975 2202 1048 quod
2231 990 2327 1033 res

1704 1064 1843 1136 ipsa
1873 1063 1991 1120 fert
2023 1080 2037 1121 τ
2380 1065 2487 1122 730

599 1166 778 1225 Illinc
803 1169 926 1225 huc
957 1169 1366 1226 transferetur
1393 1171 1592 1244 virgo,
1675 1173 1797 1230 ΒΕ.
1832 1173 1881 1229 Ο
1911 1172 2213 1248 Iuppiter!

598 1277 826 1334 Istocin
877 1281 1057 1351 pacto
1091 1278 1370 1352 oportet?
1424 1279 1537 1337 M1.
1579 1280 1733 1348 Quid
1764 1280 1987 1337 faciam
2018 1281 2325 1355 amplius?

331 1382 396 1432 15
453 1381 570 1439 ΒΕ.
602 1381 760 1448 Quid
788 1382 980 1438 facias
1002 1382 1032 1439 ἲ
1063 1383 1114 1438 si
1145 1399 1270 1439 non
1291 1385 1428 1456 ipsa
1460 1400 1521 1440 re
1553 1385 1667 1441 tibi
1694 1385 1855 1441 istuc
1885 1384 2071 1452 dolet,

595 1485 898 1542 Simulare
927 1490 1090 1543 certe
1120 1491 1215 1544 est
1241 1487 1539 1545 hominiS.
1623 1489 1739 1547 M1.
1774 1490 1935 1557 Quin
1960 1489 2090 1561 Jam
2124 1489 2320 1562 virgi-

1890 1600 2033 1641 nem

592 1686 910 1760 Despondi
929 1702 948 1757 3
982 1702 1078 1742 res
1105 1686 1442 1760 composita
1464 1690 1593 1758 est3
1626 1689 1785 1743 fiunt
1814 1688 2100 1760 nuptiae3
2374 1697 2481 1752 735

591 1790 844 1864 Dempsi
873 1794 1105 1846 metum
1127 1805 1394 1846 omnem.
1423 1791 1591 1847 Haec
1620 1792 1819 1862 magis
1841 1794 1987 1847 sunt
2009 1791 2307 1850 hominis,

1523 1881 1648 1938 ΒΕ.
1712 1882 1999 1938 Ceterum

591 1985 802 2042 Placet
827 1986 942 2042 tibi
967 1986 1226 2054 factum,
1254 1987 1436 2044 Micio
1453 1987 1481 2042 ⁶?
1530 1987 1649 2044 M1.
1689 1972 1931 2056 Non,⁸si
1959 2002 2181 2060 queam

327 2097 394 2148 ΞΟ
591 2080 833 2145 Mutare
861 2104 878 2158 3
924 2104 1090 2144 nunc
1121 2105 1308 2160 quom
1338 2105 1462 2145 non
1494 2105 1672 2162 que0,
1706 2089 1912 2146 animo
1935 2105 2130 2162 aequo
2153 2090 2306 2148 fero,

592 2199 689 2256 Ita
711 2199 845 2256 vita
883 2201 978 2256 est
1005 2200 1348 2270 hominum,
1382 2201 1562 2273 quasi
1592 2216 1778 2272 quom
1807 2199 1988 2256 ludas
2019 2200 2263 2256 tesseris
2298 2215 2312 2257 :

592 2305 655 2362 Si
682 2296 840 2362 illud
869 2305 1033 2377 quod
1061 2321 1350 2362 maxume
1379 2322 1534 2378 opus
1565 2308 1658 2360 est
1680 2305 1873 2377 jactu,
1904 2317 2030 2359 non
2060 2301 2241 2373 cadit,
2370 2312 2477 2368 740

591 2408 754 2467 Illud
789 2409 953 2482 quod
977 2411 1192 2466 cecidit
1223 2411 1400 2478 forte,
1431 2409 1495 2490 id
1525 2412 1657 2466 arte
1682 2412 1752 2464 ut
1781 2391 2074 2480 corrigas}

446 2507 570 2564 ΒΕ.
608 2506 956 2564 Correctorl
990 2521 1208 2580 nempe
1239 2510 1346 2562 tua
1376 2509 1506 2562 arte
1533 2505 1757 2577 viginti
1801 2505 2004 2561 minae

325 2638 391 2689 25
589 2616 706 2673 Pro
736 2614 996 2689 psaltria
1024 2616 1254 2690 periere
1274 2631 1293 2687 3
1326 2629 1505 2687 quae,
1551 2617 1859 2686 quantum
1890 2617 2113 2688 potest,

589 2718 817 2791 Aliquo
850 2717 1168 2773 abicienda
1194 2720 1309 2786 est,
1334 2718 1386 2773 si
1414 2733 1540 2773 non
1563 2717 1780 2790 preti0‚
1814 2717 2054 2788 gratiiS.

587 2826 702 2883 M1.
738 2822 953 2898 Neque
983 2828 1076 2880 est
1105 2840 1302 2897 neque
1333 2823 1508 2880 illam
1540 2839 1689 2880 sane
1730 2823 1946 2881 studeo
1977 2823 2265 2881 vendere.
2369 2826 2477 2881 745

446 2936 569 2994 ΒΕ.
608 2935 768 3003 Quid
797 2935 986 3008 igitur
1014 2934 1246 2991 facies?
1299 2931 1416 2992 M1.
1473 2934 1656 2992 Domi
1688 2935 1826 2991 erit.
1894 2934 2017 2992 ΒΕ.
2069 2933 2187 2990 Pro
2230 2933 2315 2990 di-

1621 3040 1765 3081 vom
1796 3025 1978 3080 fidem
2013 3024 2026 3081 l

587 3131 881 3190 Meretrix
909 3134 971 3188 et
997 3133 1196 3188 mater
1225 3131 1496 3187 familias
1525 3145 1652 3186 una
1678 3130 1745 3186 in
1776 3128 2002 3187 domo?

264 3231 272 3238 ’
322 3246 388 3297 30
447 3235 570 3293 ΒΕ.
611 3236 778 3302 Quor
805 3234 978 3291 non?
1031 3234 1155 3291 ΒΕ.
1193 3233 1427 3289 Sanum
1448 3232 1506 3289 te
1527 3233 1723 3289 credis
1746 3231 1921 3288 esse?
1972 3231 2089 3290 Mt.
2131 3231 2316 3304 Equi-

1559 3329 1700 3384 dem
1730 3328 2020 3385 arbitror.

441 3441 564 3499 ΒΕ.
603 3441 700 3498 Ita
728 3457 826 3499 me
857 3442 921 3498 di
953 3445 1182 3510 ament,
1216 3445 1288 3498 ut
1313 3441 1494 3498 video
1523 3456 1635 3514 ego
1660 3445 1839 3520 tuam
1867 3441 2187 3514 ineptiam,

583 3548 923 3606 Facturum
955 3547 1138 3606 credo
1168 3552 1240 3605 ut
1294 3549 1524 3606 habeas
1556 3549 1807 3622 quicum
1838 3549 2125 3607 cantites.
2368 3553 2475 3609 750

438 3656 554 3715 M1.
593 3657 758 3723 Quor
801 3673 928 3714 non
954 3657 983 3715 ἳ
1035 3658 1158 3718 ΒΕ.
1224 3651 1303 3715 Et
1353 3676 1516 3716 nova
1538 3663 1735 3734 nupta
1764 3659 1979 3716 eadem
2008 3659 2159 3716 haec
2181 3658 2314 3716 dis—

1381 3747 1535 3804 cet?
1599 3749 1715 3807 M1.
1752 3747 2020 3806 Scilicet.

438 3854 560 3911 ΒΕ.
600 3851 694 3910 Tu
725 3854 888 3930 inter
919 3870 1021 3912 eas
1052 3855 1264 3912 restim
1297 3854 1559 3911 ductans
1580 3854 1864 3913 saltabiS.
1930 3854 2043 3915 M1,
2081 3854 2303 3913 Probe.

309 3969 382 4022 35
438 3960 555 4016 ΒΕ.
589 3960 825 4018 Probe?
873 3961 988 4019 Mi.
1023 3960 1103 4017 Et
1131 3963 1200 4017 tu
1230 3961 1552 4018 nobiscum
1583 3977 1731 4030 una,
1764 3962 1817 4018 si
1847 3975 2003 4035 opus
2034 3961 2140 4020 sit.
2179 3962 2303 4020 ΒΕ.

1736 4051 1811 4108 Ei
1842 4052 2025 4109 mihil

574 4158 714 4214 Non
738 4159 800 4214 te
832 4157 982 4214 haec
1011 4157 1288 4231 pudent?
1320 4158 1430 4216 M1.
1453 4158 1490 4214 J
1493 4175 1597 4215 am
1620 4173 1767 4215 vero
1799 4160 2032 4229 omitte,
2054 4159 2305 4227 Demea,

569 4261 766 4318 Tuam
794 4262 999 4318 istanc
1016 4263 1423 4333 iracundiam,
1458 4267 1646 4336 atque
1676 4264 1766 4318 ita
1795 4263 1888 4319 uti
1917 4263 2088 4320 decet
2362 4269 2469 4328 755

567 4367 854 4428 Hilarum
881 4385 952 4427 ac
978 4369 1295 4430 lubentem
1323 4373 1421 4429 fac
1451 4375 1510 4430 te
1541 4372 1717 4445 gnati
1743 4373 1810 4431 in
1836 4387 1965 4445 nup
1978 4357 2113 4430 tiis}
