3125 4984
1255 352 1338 364 ·—
1377 334 1541 379 XLVII
1585 348 1664 364 -

338 403 754 470 v,6,2-21
2255 406 2545 458 959—m8

508 575 614 633 ΒΕ
664 576 854 651 Frugi
904 577 1089 637 homo
1133 596 1218 638 es.
1295 580 1456 653 Ergo
1508 578 1724 653 edepol
1753 578 1937 636 hodie
1966 593 2103 634 mea
2134 575 2385 651 quidem

1768 666 2073 725 sententia

629 739 635 746 „
661 771 871 829 Iudico
901 772 1127 846 Syrum
1151 772 1284 829 fieri
1310 788 1444 829 esse
1473 788 1738 846 aequom
1782 771 2065 828 liberum.
2142 770 2253 829 Mt.
2283 771 2383 827 Is-

1600 864 1747 917 tune
1778 859 2043 917 liberum
2072 858 2101 915 ‘P
2439 861 2550 920 960

665 966 839 1033 Quod
866 984 1010 1023 nam
1043 968 1123 1025 ob
1153 968 1384 1025 factum
1413 967 1442 1024 ἵ
1514 967 1633 1024 ΒΕ.
1666 966 1885 1023 Multa.
1962 967 2068 1023 ΞΥ.
2097 967 2148 1025 O
2180 968 2388 1024 noster

1205 1058 1458 1125 Demea,
1490 1056 1706 1131 edepol
1737 1056 1832 1114 vir
1858 1056 2098 1113 bonu’S.

427 1147 462 1197 5
670 1159 797 1231 Ego
847 1159 1001 1215 istos
1051 1160 1226 1216 vobis
1273 1175 1468 1233 usque
1494 1176 1531 1217 a
1558 1157 1765 1234 'pueris
1796 1160 2007 1216 curavi
2039 1159 2256 1217 ambos
2285 1173 2389 1215 se-

1908 1247 2055 1306 dulo
2087 1264 2101 1302 :

672 1356 886 1423 Docui,
931 1357 1166 1424 monui,
1210 1357 1365 1413 bene
1410 1356 1691 1430 praecepi
1739 1372 1979 1430 semper
2007 1372 2165 1433 quae
2212 1356 2387 1429 potui

1872 1461 2100 1501 omma.

529 1549 647 1605 ΒΕ.
680 1550 799 1607 Res
828 1555 1082 1625 apparet
1096 1566 1115 1622 3
1135 1555 1195 1607 et
1223 1551 1470 1625 quidem
1497 1568 1679 1626 porro
1708 1552 1880 1619 haee,
1914 1552 2215 1609 obsonare
2246 1566 2385 1607 eum

1960 1642 2099 1709 fide,

673 1750 951 1807 Scortum
984 1750 1305 1819 adducere,
1331 1750 1630 1824 adparare
1652 1751 1725 1807 de
1750 1750 1847 1808 die
1872 1751 2253 1820 convivium,

674 1854 813 1911 Non
860 1855 1183 1913 mediocris
1229 1837 1502 1937 hominis
1551 1856 1703 1912 haee
1732 1860 1879 1912 sunt
1905 1857 2128 1913 officia.
2206 1856 2311 1913 ΞΥ.
2343 1854 2393 1913 O

1349 1950 1354 1953 '
1582 1945 1855 2019 lepidum
1886 1946 2101 2019 caput!

415 2035 476 2085 1⁰
536 2050 652 2105 ΒΕ.
682 2050 997 2107 Postremo
1026 2049 1207 2106 hodie
1236 2050 1300 2105 in
1327 2049 1586 2123 psaltria
1614 2049 1729 2104 hae
1759 2050 2028 2105 emunda
2084 2049 2183 2105 hie
2214 2050 2397 2122 adju-

1845 2142 1940 2195 tor
1968 2139 2109 2209 fuit,

681 2246 796 2301 Hie
847 2244 1132 2300 curavit:
1183 2243 1468 2315 prodesse
1515 2258 1778 2316 aequom
1818 2245 1910 2298 est
1930 2258 1948 2312 3
1980 2240 2088 2297 alii
2118 2242 2397 2299 meliores

1909 2334 2108 2388 erunt.

679 2447 956 2519 Denique
982 2447 1081 2503 hic
1109 2448 1242 2505 volt
1267 2449 1416 2504 fieri.
1494 2446 1605 2503 Mt.
1637 2446 1757 2503 Vin
1784 2448 1851 2501 tu
1881 2445 1995 2500 hoe
2020 2444 2152 2499 fieri
2181 2444 2209 2500 ⁶?
2281 2444 2395 2500 ΑΕ.

1332 2537 1550 2611 Cupie.
1629 2537 1738 2593 M1.
1771 2534 1835 2592 Si
1864 2533 2114 2608 quidem

680 2642 773 2698 Tu
822 2642 938 2711 vie,
987 2644 1158 2715 Syre,
1208 2643 1323 2700 eho
1373 2643 1589 2700 aceede
1630 2642 1752 2699 hue
1794 2641 1871 2697 ad
1899 2655 2028 2696 me:
2058 2638 2215 2696 liber
2245 2643 2397 2695 esto,

1602 2734 1706 2791 SY.
1739 2734 1904 2790 Bene
1935 2733 2109 2789 facis·

681 2838 982 2895 Omnibus
1011 2839 1272 2911 gratiam
1305 2806 1523 2907 flabeO,
1552 2839 1613 2895 et
1634 2853 1908 2895 seorsum
1928 2836 2040 2893 tibi
2064 2839 2398 2910 praeterea,

1867 2927 2115 2983 Demea.

413 3037 481 3087 15
539 3038 659 3094 ΒΕ.
688 3038 960 3095 Gaudeo,
1036 3040 1131 3095 ΑΕ
1201 3040 1280 3095 Et
1335 3054 1465 3111 ego,
1542 3037 1648 3094 SY.
1724 3035 1939 3093 Credo,
1985 3034 2239 3112 Vtinam
2288 3032 2405 3090 hoe

1272 3131 1631 3203 perpetuom
1661 3128 1769 3181 fiat
1794 3124 2112 3199 gaudium,

685 3238 1018 3312 Phrygiam
1067 3240 1136 3293 ut
1183 3251 1440 3293 uxorem
1487 3250 1688 3291 meam
1736 3250 1862 3290 una
1892 3247 2131 3288 mecum
2159 3230 2403 3287 videam

1832 3322 2112 3379 liberam.

545 3435 660 3493 ΒΕ.
693 3436 1025 3511 Optumam
1055 3435 1304 3509 quidem
1333 3433 1672 3491 mulierem.
1750 3433 1855 3490 SY.
1887 3432 1965 3488 Et
2016 3430 2267 3504 quidem
2298 3432 2405 3486 tuo

1508 3522 1718 3598 nepoti
1748 3521 1933 3594 hujus
1968 3519 2118 3577 filio.

688 3630 887 3687 Hodie
934 3630 1135 3705 prima
1181 3645 1517 3687 mammam
1563 3626 1731 3684 dedit
1776 3626 1946 3683 haee.
2021 3625 2139 3681 ΒΕ.
2188 3624 2408 3681 Hercle

1760 3733 1904 3774 vero
1937 3717 2116 3785 seriO,
2458 3705 2569 3763 975

689 3829 754 3886 Si
792 3829 1042 3903 quidem
1093 3827 1294 3903 prima
1349 3826 1537 3893 dedit,
1597 3825 1766 3881 haud
1819 3824 2079 3881 dubium
2136 3825 2228 3879 est
2256 3821 2408 3896 quin

1473 3915 1673 3972 emitti
1698 3930 1958 3987 aequom
1986 3914 2120 3969 siet.

420 4021 487 4071 20
549 4022 660 4080 M1.
692 4021 785 4078 Ob
829 4038 967 4079 eam
1015 4038 1143 4079 rem
1167 4022 1196 4078 ⁶?
1269 4020 1387 4077 ΒΕ.
1429 4021 1520 4077 Ob
1561 4036 1717 4077 eam.
1767 4020 2085 4076 Postremo
2114 4034 2152 4073 a
2181 4033 2277 4073 me
2303 4032 2409 4072 ar-

1217 4114 1466 4184 gentum
1501 4108 1719 4182 quanti
1749 4110 1842 4164 est
1868 4106 2120 4164 sumito,

549 4218 652 4275 SY.
684 4218 764 4274 Di
792 4218 928 4286 tihi,
959 4218 1212 4285 Demea,
1267 4212 1479 4273 omnes
1511 4231 1752 4291 semper
1779 4215 1988 4273 omnia
2018 4215 2230 4287 optata
2258 4211 2413 4268 offe-

1964 4305 2124 4359 rant.

2443 1718 2554 1776 965

2454 2702 2562 2759 970
