3125 4984
388 390 800 459 111‚2,5-25
1304 335 1649 405 “m—⁷
2254 400 2558 461 303-328

445 536 482 586 5
662 534 791 606 vis,
824 541 1084 611 egestas,
1125 539 1452 613 injustitia,
1485 540 1779 610 solitudo,
1809 542 2089 601 infamia.

661 640 895 698 Hocine
943 642 1252 701 saeclum!
1305 660 1340 701 o
1371 644 1623 713 scelera,
1675 662 1711 703 o
1752 661 1975 719 genera
2005 645 2321 719 sacrilega,
2351 662 2387 703 o

1477 734 1793 793 hominem
1822 735 2063 809 inpium
2088 735 2101 793 Ι

521 838 621 896 So.
661 838 760 898 Me
788 841 1076 901 miseram
1101 842 1113 900 l
1147 844 1297 917 quid
1328 861 1475 901 nam
1496 849 1589 901 est
1609 845 1775 918 quod
1794 846 1881 902 sic
1901 846 2080 903 video
2104 846 2390 903 timidum

1285 936 1347 991 et
1375 939 1811 1009 properantem
1838 935 2058 993 Getam
2076 934 2107 992 ⁴?
2448 934 2557 993 305

520 1035 634 1091 Gn.
668 1035 859 1103 Quem
890 1052 1092 1111 neque
1120 1038 1272 1095 fides
1294 1055 1494 1113 neque
1513 1040 1619 1113 jus
1631 1040 1969 1119 ,iurandum
1985 1058 2183 1115 neque
2211 1041 2390 1099 illum

1691 1132 2112 1190 misericordia

663 1235 975 1310 Repressit
1001 1252 1199 1310 neque
1231 1238 1466 1294 reflexit
1497 1254 1695 1312 neque
1727 1240 1893 1313 quod
1934 1242 2151 1314 partus
2200 1240 2388 1297 insta·

1781 1330 1891 1386 bat
1918 1345 2107 1404 prope

409 1433 480 1483 10
665 1430 818 1497 Quoi
864 1433 1122 1490 miserae
1164 1434 1418 1507 indigne
1463 1452 1572 1509 per
1618 1436 1745 1492 vim
1798 1435 2022 1491 vitium
2059 1434 2387 1492 obtulerat.

1137 1512 1145 1523 '
1514 1524 1614 1582 SO.
1647 1526 1786 1582 Non
1815 1523 2105 1597 intellego

666 1624 826 1682 Satis
872 1642 1032 1699 quae
1078 1625 1372 1700 loquitur.
1427 1628 1538 1686 CA.
1573 1628 1833 1703 Propius
1863 1629 2114 1686 obsecro
2145 1628 2390 1685 acceda-

1285 1734 1446 1785 mu8,
1479 1718 1776 1775 Sostrata.
1838 1719 1951 1775 Ga.
1979 1719 2101 1787 Ah,

663 1822 759 1879 Me
799 1824 1134 1882 miserum!
1174 1826 1283 1881 vix
1329 1841 1468 1883 sum
1506 1841 1757 1899 compos
1804 1827 2030 1893 animi,
2079 1827 2169 1883 ita
2207 1827 2389 1884 ardeo

1761 1915 2101 1972 iracundia.
2444 1918 2554 1975 310

663 2015 834 2073 Nihil
863 2020 956 2073 est
986 2016 1150 2090 quod
1181 2016 1392 2073 malim
1425 2033 1614 2089 quam
1658 2016 1832 2074 illam
1863 2021 2056 2074 totam
2088 2017 2391 2074 familiam

1549 2107 1685 2163 dari
1715 2107 1800 2164 mi
1830 2108 2102 2176 obviam,

665 2213 743 2269 Vt
770 2229 880 2285 ego
911 2214 1070 2270 hanc
1098 2214 1253 2270 iram
1280 2214 1346 2269 in
1376 2230 1479 2269 eos
1509 2228 1795 2271 evomam
1821 2228 2086 2282 omnem,
2116 2214 2264 2271 dum
2295 2231 2391 2271 ae-

1269 2304 1517 2375 gritudo
1548 2304 1700 2359 haec
1732 2307 1825 2361 est
1854 2320 2081 2361 recens,

411 2411 478 2461 15
667 2404 854 2479 [Satis
891 2406 1047 2462 mihi
1073 2406 1137 2462 id
1162 2406 1426 2462 habeam
1457 2405 1741 2479 supplici,
1773 2406 1921 2462 dum
1958 2406 2101 2462 illos
2130 2406 2391 2464 ulciscar

1873 2496 2101 2571 modo.]

668 2602 811 2659 Seni
837 2604 1134 2660 -animam
1177 2604 1447 2677 primum
1477 2606 1897 2678 extinguerem
1926 2606 2066 2679 ipsi,
2099 2606 2207 2679 qui
2234 2605 2390 2663 illud

1541 2694 1834 2767 produxit
1863 2694 2061 2751 scelus
2082 2711 2101 2766 3

667 2798 826 2854 Tum
853 2802 1060 2856 autem
1090 2798 1314 2871 Syrum
1344 2798 1744 2873 inpulsorem‚
1777 2800 1921 2869 vah,
1962 2801 2188 2873 quibus
2212 2801 2391 2858 illum

1499 2886 1835 2944 lacerarem
1865 2889 2064 2946 modis
2088 2890 2101 2947 1
2246 2902 2251 2909 ·
2446 2894 2555 2951 315

667 2994 1008 3051 Sublimem
1048 2995 1320 3052 medium
1352 2995 1623 3069 primum
1653 2997 1981 3069 arriperem
2012 3001 2070 3054 et
2100 2983 2387 3072 capite-in

1390 3108 1394 3112 >
1497 3088 1722 3143 terram
1750 3091 2104 3159 statuerem,

1124 3191 1204 3247 Vt
1231 3190 1478 3247 cerebro
1509 3190 1821 3265 dispergat
1844 3193 2031 3249 viam.

409 3300 484 3351 20
553 3325 560 3331 ·
673 3296 1069 3355 Adulescenti
1095 3297 1218 3370 ipsi
1241 3297 1536 3371 eriperem
1562 3298 1793 3367 ocuIOS‚
1842 3303 1983 3373 post
2029 3300 2179 3358 haec
2208 3316 2393 3374 prae-

1589 3388 1839 3461 cipitem
1870 3389 2099 3446 darem.

666 3496 910 3554 Ceteros
925 3513 1184 3567 ruerem,
1198 3514 1462 3573 agerem,
1487 3515 1783 3573 raperem,
1806 3500 2125 3557 tunderem
2146 3503 2206 3557 et
2223 3514 2391 3574 pros-

1775 3593 1835 3647 te
1844 3606 2103 3647 rnerem.

679 3689 797 3747 Sed
843 3706 1014 3748 cesso
1063 3705 1231 3747 eram
1269 3691 1384 3747 hoc
1426 3691 1593 3748 malo
1634 3692 1911 3766 inpertiri
1939 3707 2211 3767 propere.
2290 3692 2390 3749 So.

1098 3780 1498 3837 Revocemus.
1558 3781 1749 3837 Geta!
1781 3780 1893 3838 GE.
1926 3782 2107 3850 Hem,
2449 3772 2557 3830 320

675 3884 970 3957 Quisquis
1007 3898 1094 3953 ee,
1119 3882 1250 3939 sine
1301 3900 1416 3940 me.
1467 3883 1568 3941 So.
1600 3884 1729 3955 Ego
1760 3900 1899 3941 sum
1928 3884 2223 3943 Sostrata.
2277 3884 2390 3942 Gn.

1078 3972 1196 4029 Vbi
1227 3987 1299 4028 ea
1323 3975 1418 4029 est
1436 3972 1465 4029 ?
1496 3975 1553 4029 te
1582 3972 1783 4045 ipsam
1810 3974 2108 4047 quaeritO.

529 4075 630 4132 So.
651 4068 757 4131 Te
805 4077 1148 4149 exspecto;
1196 4074 1422 4148 oppido
1471 4077 1814 4148 opportune
1861 4078 1921 4132 te
1976 4076 2256 4134 obtulisti
2311 4076 2398 4133 mi

1838 4166 2107 4223 obviam.

415 4272 489 4323 25
531 4270 646 4329 GE.
686 4264 905 4330 Era...
935 4270 1033 4327 So.
1066 4269 1226 4339 Quid
1242 4272 1335 4327 est
1357 4269 1386 4326 ?
1407 4270 1556 4343 quid
1572 4270 1839 4343 trepidas
1860 4269 1889 4326 ?
1942 4270 2057 4326 GE.
2080 4258 2083 4260 Α
2108 4269 2183 4325 Ei
2206 4267 2392 4325 mihil

1147 4360 1258 4417 CA.
1292 4359 1450 4428 Quid
1482 4360 1761 4431 festinaS,
1794 4360 1879 4417 mi
1908 4357 2113 4416 Geta?
