<?xml version="1.0" encoding="UTF-8"?>
<!DOCTYPE html PUBLIC "-//W3C//DTD XHTML 1.0 Transitional//EN"
    "http://www.w3.org/TR/xhtml1/DTD/xhtml1-transitional.dtd">
<html xmlns="http://www.w3.org/1999/xhtml" xml:lang="en" lang="en">
 <head>
  <title>
</title>
<meta http-equiv="Content-Type" content="text/html;charset=utf-8" />
  <meta name='ocr-system' content='tesseract 3.04.00' />
  <meta name='ocr-capabilities' content='ocr_page ocr_carea ocr_par ocr_line ocrx_word'/>
</head>
<body>
  <div class='ocr_page' id='page_1' title='image "./pterentiafriade00plesgoog/pterentiafriade00plesgoog_0041.png"; bbox 0 0 3125 4984; ppageno 0'>
   <div class='ocr_carea' id='block_1_1' title="bbox 414 359 2603 509">
    <p class='ocr_par' dir='ltr' id='par_1_1' title="bbox 414 359 2603 509">
     <span class='ocr_line' id='line_1_1' title="bbox 414 359 2603 509; baseline -0.005 -34"><span class='ocrx_word' id='word_1_1' title='bbox 414 423 520 497; x_wconf 69' lang='lat'>111,</span> <span class='ocrx_word' id='word_1_2' title='bbox 545 423 595 489; x_wconf 80' lang='lat'>2,</span> <span class='ocrx_word' id='word_1_3' title='bbox 625 424 843 488; x_wconf 80' lang='lat'><strong>47—3‚</strong></span> <span class='ocrx_word' id='word_1_4' title='bbox 878 424 933 474; x_wconf 93' lang='lat'>11</span> <span class='ocrx_word' id='word_1_5' title='bbox 1339 373 1416 393; x_wconf 54' lang='lat'>*⁸</span> <span class='ocrx_word' id='word_1_6' title='bbox 1459 359 1562 407; x_wconf 58' lang='lat' dir='ltr'>XM</span> <span class='ocrx_word' id='word_1_7' title='bbox 1608 372 1685 393; x_wconf 54' lang='lat'>⁸*</span> <span class='ocrx_word' id='word_1_8' title='bbox 2289 424 2455 509; x_wconf 48' lang='lat' dir='ltr'>³⁴⁵ss</span> <span class='ocrx_word' id='word_1_9' title='bbox 2502 424 2603 477; x_wconf 76' lang='lat'>365</span> 
     </span>
    </p>
   </div>
   <div class='ocr_carea' id='block_1_2' title="bbox 709 560 2598 719">
    <p class='ocr_par' dir='ltr' id='par_1_2' title="bbox 709 560 2598 707">
     <span class='ocr_line' id='line_1_2' title="bbox 709 560 2487 635; baseline 0 -18"><span class='ocrx_word' id='word_1_10' title='bbox 709 560 981 619; x_wconf 86' lang='lat' dir='ltr'>Primum</span> <span class='ocrx_word' id='word_1_11' title='bbox 1010 560 1292 619; x_wconf 86' lang='lat' dir='ltr'>indotata</span> <span class='ocrx_word' id='word_1_12' title='bbox 1319 564 1440 633; x_wconf 78' lang='lat' dir='ltr'>est3</span> <span class='ocrx_word' id='word_1_13' title='bbox 1464 564 1595 619; x_wconf 90' lang='lat' dir='ltr'>tum</span> <span class='ocrx_word' id='word_1_14' title='bbox 1615 564 1950 635; x_wconf 80' lang='lat' dir='ltr'>praeterea,</span> <span class='ocrx_word' id='word_1_15' title='bbox 1974 577 2131 635; x_wconf 88' lang='lat' dir='ltr'>quae</span> <span class='ocrx_word' id='word_1_16' title='bbox 2158 560 2432 619; x_wconf 87' lang='lat' dir='ltr'>secunda</span> <span class='ocrx_word' id='word_1_17' title='bbox 2468 610 2487 625; x_wconf 83' lang='grc'>,</span> 
     </span>
     <span class='ocr_line' id='line_1_3' title="bbox 1766 643 2598 719; baseline -0.007 -13"><span class='ocrx_word' id='word_1_18' title='bbox 1766 651 1823 707; x_wconf 91' lang='lat' dir='ltr'>ei</span> <span class='ocrx_word' id='word_1_19' title='bbox 1853 649 1963 707; x_wconf 91' lang='lat' dir='ltr'>dos</span> <span class='ocrx_word' id='word_1_20' title='bbox 1990 652 2142 719; x_wconf 88' lang='lat' dir='ltr'>erat,</span> <span class='ocrx_word' id='word_1_21' title='bbox 2487 643 2598 701; x_wconf 68' lang='lat'>345</span> 
     </span>
    </p>
   </div>
   <div class='ocr_carea' id='block_1_3' title="bbox 712 750 2434 904">
    <p class='ocr_par' dir='ltr' id='par_1_3' title="bbox 712 750 2434 904">
     <span class='ocr_line' id='line_1_4' title="bbox 712 750 2434 863; baseline -0.001 -49"><span class='ocrx_word' id='word_1_22' title='bbox 712 756 939 863; x_wconf 79' lang='lat' dir='ltr'>Periit:</span> <span class='ocrx_word' id='word_1_23' title='bbox 972 771 1082 831; x_wconf 90' lang='lat' dir='ltr'>pro</span> <span class='ocrx_word' id='word_1_24' title='bbox 1107 758 1347 830; x_wconf 86' lang='lat' dir='ltr'>virgine</span> <span class='ocrx_word' id='word_1_25' title='bbox 1382 750 1514 821; x_wconf 88' lang='lat' dir='ltr'>dari</span> <span class='ocrx_word' id='word_1_26' title='bbox 1547 761 1812 832; x_wconf 90' lang='lat' dir='ltr'>nuptum</span> <span class='ocrx_word' id='word_1_27' title='bbox 1850 774 1975 814; x_wconf 89' lang='lat' dir='ltr'>non</span> <span class='ocrx_word' id='word_1_28' title='bbox 2020 759 2247 831; x_wconf 86' lang='lat' dir='ltr'>potest.</span> <span class='ocrx_word' id='word_1_29' title='bbox 2302 756 2434 813; x_wconf 90' lang='lat' dir='ltr'>Hoc</span> 
     </span>
     <span class='ocr_line' id='line_1_5' title="bbox 1689 846 2147 904; baseline 0 -1"><span class='ocrx_word' id='word_1_30' title='bbox 1689 846 1980 904; x_wconf 83' lang='lat' dir='ltr'>relicuom</span> <span class='ocrx_word' id='word_1_31' title='bbox 2011 850 2147 904; x_wconf 87' lang='lat' dir='ltr'>est:</span> 
     </span>
    </p>
   </div>
   <div class='ocr_carea' id='block_1_4' title="bbox 715 942 2437 1101">
    <p class='ocr_par' dir='ltr' id='par_1_4' title="bbox 715 942 2437 1101">
     <span class='ocr_line' id='line_1_6' title="bbox 715 942 2437 1035; baseline 0.001 -27"><span class='ocrx_word' id='word_1_32' title='bbox 715 946 779 1035; x_wconf 86' lang='lat' dir='ltr'>Si</span> <span class='ocrx_word' id='word_1_33' title='bbox 804 950 1030 1009; x_wconf 71' lang='lat' dir='ltr'>infitias</span> <span class='ocrx_word' id='word_1_34' title='bbox 1066 952 1207 1021; x_wconf 87' lang='lat' dir='ltr'>ibit,</span> <span class='ocrx_word' id='word_1_35' title='bbox 1241 950 1416 1010; x_wconf 80' lang='lat' dir='ltr'>testis</span> <span class='ocrx_word' id='word_1_36' title='bbox 1447 968 1690 1011; x_wconf 86' lang='lat' dir='ltr'>mecum</span> <span class='ocrx_word' id='word_1_37' title='bbox 1721 954 1813 1009; x_wconf 83' lang='lat' dir='ltr'>est</span> <span class='ocrx_word' id='word_1_38' title='bbox 1834 942 2059 1009; x_wconf 86' lang='lat' dir='ltr'>anulus</span> <span class='ocrx_word' id='word_1_39' title='bbox 2080 967 2261 1026; x_wconf 88' lang='lat' dir='ltr'>quem</span> <span class='ocrx_word' id='word_1_40' title='bbox 2288 951 2437 1010; x_wconf 86' lang='lat' dir='ltr'>ami·</span> 
     </span>
     <span class='ocr_line' id='line_1_7' title="bbox 1952 1044 2143 1101; baseline 0.016 -3"><span class='ocrx_word' id='word_1_41' title='bbox 1952 1044 2143 1101; x_wconf 81' lang='lat' dir='ltr'>serat.</span> 
     </span>
    </p>
   </div>
   <div class='ocr_carea' id='block_1_5' title="bbox 435 1150 2439 1315">
    <p class='ocr_par' dir='ltr' id='par_1_5' title="bbox 435 1150 2439 1315">
     <span class='ocr_line' id='line_1_8' title="bbox 435 1150 2439 1225; baseline 0.002 -20"><span class='ocrx_word' id='word_1_42' title='bbox 435 1153 510 1205; x_wconf 86' lang='lat'>50</span> <span class='ocrx_word' id='word_1_43' title='bbox 720 1150 1034 1209; x_wconf 90' lang='lat' dir='ltr'>Postremo</span> <span class='ocrx_word' id='word_1_44' title='bbox 1080 1151 1333 1225; x_wconf 91' lang='lat' dir='ltr'>quando</span> <span class='ocrx_word' id='word_1_45' title='bbox 1381 1168 1491 1225; x_wconf 88' lang='lat' dir='ltr'>ego</span> <span class='ocrx_word' id='word_1_46' title='bbox 1542 1154 1787 1210; x_wconf 86' lang='lat' dir='ltr'>conscia</span> <span class='ocrx_word' id='word_1_47' title='bbox 1834 1152 1991 1209; x_wconf 90' lang='lat' dir='ltr'>mihi</span> <span class='ocrx_word' id='word_1_48' title='bbox 2028 1168 2167 1209; x_wconf 90' lang='lat' dir='ltr'>sum</span> <span class='ocrx_word' id='word_1_49' title='bbox 2194 1194 2211 1222; x_wconf 95' lang='lat'>,</span> <span class='ocrx_word' id='word_1_50' title='bbox 2258 1168 2297 1208; x_wconf 87' lang='lat' dir='ltr'>a</span> <span class='ocrx_word' id='word_1_51' title='bbox 2342 1166 2439 1209; x_wconf 89' lang='lat' dir='ltr'>me</span> 
     </span>
     <span class='ocr_line' id='line_1_9' title="bbox 1285 1240 2154 1315; baseline -0.001 -17"><span class='ocrx_word' id='word_1_52' title='bbox 1285 1242 1534 1315; x_wconf 87' lang='lat' dir='ltr'>culpam</span> <span class='ocrx_word' id='word_1_53' title='bbox 1567 1244 1703 1299; x_wconf 83' lang='lat' dir='ltr'>esse</span> <span class='ocrx_word' id='word_1_54' title='bbox 1732 1241 1892 1299; x_wconf 88' lang='lat' dir='ltr'>hanc</span> <span class='ocrx_word' id='word_1_55' title='bbox 1920 1240 2154 1315; x_wconf 90' lang='lat' dir='ltr'>procul,</span> 
     </span>
    </p>
   </div>
   <div class='ocr_carea' id='block_1_6' title="bbox 719 1348 2441 1511">
    <p class='ocr_par' dir='ltr' id='par_1_6' title="bbox 719 1348 2441 1511">
     <span class='ocr_line' id='line_1_10' title="bbox 719 1348 2441 1423; baseline -0.001 -17"><span class='ocrx_word' id='word_1_56' title='bbox 719 1349 930 1423; x_wconf 80' lang='lat' dir='ltr'>Neque</span> <span class='ocrx_word' id='word_1_57' title='bbox 958 1351 1225 1422; x_wconf 89' lang='lat' dir='ltr'>pretium</span> <span class='ocrx_word' id='word_1_58' title='bbox 1255 1365 1453 1423; x_wconf 90' lang='lat' dir='ltr'>neque</span> <span class='ocrx_word' id='word_1_59' title='bbox 1479 1366 1609 1407; x_wconf 89' lang='lat' dir='ltr'>rem</span> <span class='ocrx_word' id='word_1_60' title='bbox 1637 1349 1833 1407; x_wconf 82' lang='lat' dir='ltr'>ullam</span> <span class='ocrx_word' id='word_1_61' title='bbox 1870 1348 2287 1407; x_wconf 72' lang='lat' dir='ltr'>intercessisse</span> <span class='ocrx_word' id='word_1_62' title='bbox 2332 1349 2441 1406; x_wconf 85' lang='lat' dir='ltr'>illa</span> 
     </span>
     <span class='ocr_line' id='line_1_11' title="bbox 1339 1438 2155 1511; baseline -0.002 -16"><span class='ocrx_word' id='word_1_63' title='bbox 1339 1443 1450 1496; x_wconf 88' lang='lat' dir='ltr'>aut</span> <span class='ocrx_word' id='word_1_64' title='bbox 1477 1456 1577 1495; x_wconf 91' lang='lat' dir='ltr'>me</span> <span class='ocrx_word' id='word_1_65' title='bbox 1606 1439 1951 1511; x_wconf 78' lang='lat' dir='ltr'>indignam,</span> <span class='ocrx_word' id='word_1_66' title='bbox 1980 1438 2155 1507; x_wconf 82' lang='lat' dir='ltr'>Geta,</span> 
     </span>
    </p>
   </div>
   <div class='ocr_carea' id='block_1_7' title="bbox 721 1540 2604 1709">
    <p class='ocr_par' dir='ltr' id='par_1_7' title="bbox 721 1540 2604 1709">
     <span class='ocr_line' id='line_1_12' title="bbox 721 1540 2435 1617; baseline -0.001 -18"><span class='ocrx_word' id='word_1_67' title='bbox 721 1541 1043 1617; x_wconf 86' lang='lat' dir='ltr'>Experiar.</span> <span class='ocrx_word' id='word_1_68' title='bbox 1116 1542 1235 1600; x_wconf 71' lang='lat' dir='ltr'>Gn.</span> <span class='ocrx_word' id='word_1_69' title='bbox 1284 1542 1446 1611; x_wconf 90' lang='lat' dir='ltr'>Quid</span> <span class='ocrx_word' id='word_1_70' title='bbox 1473 1543 1614 1601; x_wconf 88' lang='lat' dir='ltr'>istic</span> <span class='ocrx_word' id='word_1_71' title='bbox 1637 1542 1666 1600; x_wconf 66' lang='lat' dir='ltr'><em>P</em></span> <span class='ocrx_word' id='word_1_72' title='bbox 1694 1542 1870 1611; x_wconf 78' lang='lat' dir='ltr'>cedo,</span> <span class='ocrx_word' id='word_1_73' title='bbox 1898 1545 1969 1598; x_wconf 89' lang='lat' dir='ltr'>ut</span> <span class='ocrx_word' id='word_1_74' title='bbox 1993 1540 2217 1599; x_wconf 85' lang='lat' dir='ltr'>melius</span> <span class='ocrx_word' id='word_1_75' title='bbox 2258 1542 2435 1599; x_wconf 86' lang='lat' dir='ltr'>dicis</span> 
     </span>
     <span class='ocr_line' id='line_1_13' title="bbox 1316 1632 2604 1709; baseline 0.002 -19"><span class='ocrx_word' id='word_1_76' title='bbox 1316 1632 1423 1691; x_wconf 79' lang='lat' dir='ltr'>So,</span> <span class='ocrx_word' id='word_1_77' title='bbox 1473 1633 1568 1689; x_wconf 86' lang='lat' dir='ltr'>Tu</span> <span class='ocrx_word' id='word_1_78' title='bbox 1599 1637 1906 1706; x_wconf 88' lang='lat' dir='ltr'>quantum</span> <span class='ocrx_word' id='word_1_79' title='bbox 1934 1636 2159 1709; x_wconf 89' lang='lat' dir='ltr'>potest,</span> <span class='ocrx_word' id='word_1_80' title='bbox 2496 1637 2604 1693; x_wconf 76' lang='lat'>350</span> 
     </span>
    </p>
   </div>
   <div class='ocr_carea' id='block_1_8' title="bbox 717 1726 2440 1901">
    <p class='ocr_par' dir='ltr' id='par_1_8' title="bbox 717 1726 2440 1887">
     <span class='ocr_line' id='line_1_14' title="bbox 717 1726 2440 1823; baseline 0.001 -30"><span class='ocrx_word' id='word_1_81' title='bbox 717 1736 836 1793; x_wconf 81' lang='lat' dir='ltr'>Abi</span> <span class='ocrx_word' id='word_1_82' title='bbox 875 1742 1062 1811; x_wconf 87' lang='lat' dir='ltr'>atque</span> <span class='ocrx_word' id='word_1_83' title='bbox 1120 1737 1388 1811; x_wconf 80' lang='lat' dir='ltr'>Hegioni</span> <span class='ocrx_word' id='word_1_84' title='bbox 1431 1743 1691 1813; x_wconf 85' lang='lat' dir='ltr'>cognato</span> <span class='ocrx_word' id='word_1_85' title='bbox 1735 1740 1923 1823; x_wconf 85' lang='lat' dir='ltr'>hujus</span> <span class='ocrx_word' id='word_1_86' title='bbox 1970 1726 2100 1797; x_wconf 84' lang='lat' dir='ltr'>rem</span> <span class='ocrx_word' id='word_1_87' title='bbox 2156 1743 2440 1797; x_wconf 86' lang='lat' dir='ltr'>enarrato</span> 
     </span>
     <span class='ocr_line' id='line_1_15' title="bbox 1633 1828 2158 1901; baseline 0.004 -17"><span class='ocrx_word' id='word_1_88' title='bbox 1633 1845 1879 1885; x_wconf 89' lang='lat' dir='ltr'>omnem</span> <span class='ocrx_word' id='word_1_89' title='bbox 1909 1828 2158 1901; x_wconf 84' lang='lat' dir='ltr'>ordine,</span> 
     </span>
    </p>
   </div>
   <div class='ocr_carea' id='block_1_9' title="bbox 722 1931 2443 2081">
    <p class='ocr_par' dir='ltr' id='par_1_9' title="bbox 722 1931 2443 2081">
     <span class='ocr_line' id='line_1_16' title="bbox 722 1931 2443 1991; baseline 0.001 -2"><span class='ocrx_word' id='word_1_90' title='bbox 722 1932 930 1990; x_wconf 90' lang='lat' dir='ltr'>Nam</span> <span class='ocrx_word' id='word_1_91' title='bbox 912 1948 968 1988; x_wconf 89' lang='lat' dir='ltr'>1s</span> <span class='ocrx_word' id='word_1_92' title='bbox 999 1935 1212 1989; x_wconf 90' lang='lat' dir='ltr'>nostro</span> <span class='ocrx_word' id='word_1_93' title='bbox 1241 1931 1477 1989; x_wconf 89' lang='lat' dir='ltr'>Simulo</span> <span class='ocrx_word' id='word_1_94' title='bbox 1513 1932 1634 1989; x_wconf 86' lang='lat' dir='ltr'>fuit</span> <span class='ocrx_word' id='word_1_95' title='bbox 1670 1948 1951 1989; x_wconf 87' lang='lat' dir='ltr'>summus</span> <span class='ocrx_word' id='word_1_96' title='bbox 1989 1938 2049 1991; x_wconf 90' lang='lat' dir='ltr'>et</span> <span class='ocrx_word' id='word_1_97' title='bbox 2094 1948 2207 1989; x_wconf 89' lang='lat' dir='ltr'>nos</span> <span class='ocrx_word' id='word_1_98' title='bbox 2254 1932 2443 1991; x_wconf 89' lang='lat' dir='ltr'>coluit</span> 
     </span>
     <span class='ocr_line' id='line_1_17' title="bbox 1826 2038 2144 2081; baseline 0.003 -2"><span class='ocrx_word' id='word_1_99' title='bbox 1826 2038 2144 2081; x_wconf 82' lang='lat' dir='ltr'><strong>maxume.</strong></span> 
     </span>
    </p>
   </div>
   <div class='ocr_carea' id='block_1_10' title="bbox 445 2128 2441 2290">
    <p class='ocr_par' dir='ltr' id='par_1_10' title="bbox 445 2128 2441 2290">
     <span class='ocr_line' id='line_1_18' title="bbox 445 2128 2441 2207; baseline 0 -22"><span class='ocrx_word' id='word_1_100' title='bbox 445 2132 518 2185; x_wconf 80' lang='lat'>55</span> <span class='ocrx_word' id='word_1_101' title='bbox 576 2130 693 2188; x_wconf 68' lang='lat' dir='ltr'>Gn.</span> <span class='ocrx_word' id='word_1_102' title='bbox 721 2130 882 2187; x_wconf 87' lang='lat' dir='ltr'>Nam</span> <span class='ocrx_word' id='word_1_103' title='bbox 912 2128 1112 2187; x_wconf 88' lang='lat' dir='ltr'>hercle</span> <span class='ocrx_word' id='word_1_104' title='bbox 1149 2128 1309 2187; x_wconf 89' lang='lat' dir='ltr'>alius</span> <span class='ocrx_word' id='word_1_105' title='bbox 1339 2146 1522 2188; x_wconf 88' lang='lat' dir='ltr'>nemo</span> <span class='ocrx_word' id='word_1_106' title='bbox 1543 2132 1790 2206; x_wconf 78' lang='lat' dir='ltr'>respicit</span> <span class='ocrx_word' id='word_1_107' title='bbox 1820 2148 1958 2189; x_wconf 82' lang='lat' dir='ltr'>nos‚</span> <span class='ocrx_word' id='word_1_108' title='bbox 2021 2131 2128 2205; x_wconf 75' lang='lat' dir='ltr'>So,</span> <span class='ocrx_word' id='word_1_109' title='bbox 2176 2131 2441 2207; x_wconf 87' lang='lat' dir='ltr'>Propera</span> 
     </span>
     <span class='ocr_line' id='line_1_19' title="bbox 1533 2220 2159 2290; baseline 0 -13"><span class='ocrx_word' id='word_1_110' title='bbox 1533 2224 1625 2290; x_wconf 87' lang='lat' dir='ltr'>tu,</span> <span class='ocrx_word' id='word_1_111' title='bbox 1656 2234 1793 2277; x_wconf 87' lang='lat' dir='ltr'>mea</span> <span class='ocrx_word' id='word_1_112' title='bbox 1821 2220 2159 2277; x_wconf 88' lang='lat' dir='ltr'>Canthara.</span> 
     </span>
    </p>
   </div>
   <div class='ocr_carea' id='block_1_11' title="bbox 724 2324 2444 2477">
    <p class='ocr_par' dir='ltr' id='par_1_11' title="bbox 724 2324 2444 2477">
     <span class='ocr_line' id='line_1_20' title="bbox 724 2324 2444 2402; baseline 0 -17"><span class='ocrx_word' id='word_1_113' title='bbox 724 2328 938 2397; x_wconf 85' lang='lat' dir='ltr'>Curre,</span> <span class='ocrx_word' id='word_1_114' title='bbox 970 2324 1355 2387; x_wconf 79' lang='lat' dir='ltr'>obstetricem</span> <span class='ocrx_word' id='word_1_115' title='bbox 1394 2344 1654 2397; x_wconf 81' lang='lat' dir='ltr'>accerse,</span> <span class='ocrx_word' id='word_1_116' title='bbox 1696 2333 1768 2386; x_wconf 88' lang='lat' dir='ltr'>ut</span> <span class='ocrx_word' id='word_1_117' title='bbox 1812 2344 2000 2402; x_wconf 88' lang='lat' dir='ltr'>quom</span> <span class='ocrx_word' id='word_1_118' title='bbox 2041 2342 2198 2402; x_wconf 89' lang='lat' dir='ltr'>opus</span> <span class='ocrx_word' id='word_1_119' title='bbox 2241 2329 2322 2385; x_wconf 87' lang='lat' dir='ltr'>sit</span> <span class='ocrx_word' id='word_1_120' title='bbox 2367 2343 2444 2386; x_wconf 89' lang='lat' dir='ltr'>ne</span> 
     </span>
     <span class='ocr_line' id='line_1_21' title="bbox 1508 2418 2151 2477; baseline 0.005 -3"><span class='ocrx_word' id='word_1_121' title='bbox 1508 2419 1575 2475; x_wconf 87' lang='lat' dir='ltr'>in</span> <span class='ocrx_word' id='word_1_122' title='bbox 1604 2432 1778 2474; x_wconf 87' lang='lat' dir='ltr'>mora</span> <span class='ocrx_word' id='word_1_123' title='bbox 1802 2418 1983 2475; x_wconf 83' lang='lat' dir='ltr'>nobis</span> <span class='ocrx_word' id='word_1_124' title='bbox 2008 2418 2151 2477; x_wconf 89' lang='lat' dir='ltr'>siet.</span> 
     </span>
    </p>
   </div>
   <div class='ocr_carea' id='block_1_12' title="bbox 1193 2646 1883 2710">
    <p class='ocr_par' dir='ltr' id='par_1_12' title="bbox 1193 2646 1883 2710">
     <span class='ocr_line' id='line_1_22' title="bbox 1193 2646 1883 2710; baseline 0.001 -2"><span class='ocrx_word' id='word_1_125' title='bbox 1193 2648 1487 2709; x_wconf 69' lang='lat' dir='ltr'>DnuzA</span> <span class='ocrx_word' id='word_1_126' title='bbox 1605 2646 1883 2710; x_wconf 74' lang='lat' dir='ltr'>Srnvs</span> 
     </span>
    </p>
   </div>
   <div class='ocr_carea' id='block_1_13' title="bbox 1237 2782 1866 2845">
    <p class='ocr_par' dir='ltr' id='par_1_13' title="bbox 1237 2782 1866 2845">
     <span class='ocr_line' id='line_1_23' title="bbox 1237 2782 1866 2845; baseline -0.003 0"><span class='ocrx_word' id='word_1_127' title='bbox 1237 2783 1446 2845; x_wconf 72' lang='lat' dir='ltr'><strong>SENEx</strong></span> <span class='ocrx_word' id='word_1_128' title='bbox 1621 2782 1866 2845; x_wconf 69' lang='lat' dir='ltr'>Ssnvos</span> 
     </span>
    </p>
   </div>
   <div class='ocr_carea' id='block_1_14' title="bbox 438 2988 2613 3275">
    <p class='ocr_par' dir='ltr' id='par_1_14' title="bbox 438 2988 2613 3275">
     <span class='ocr_line' id='line_1_24' title="bbox 438 2988 2613 3069; baseline -0.004 -17"><span class='ocrx_word' id='word_1_129' title='bbox 438 2998 596 3060; x_wconf 58' lang='lat'>1113</span> <span class='ocrx_word' id='word_1_130' title='bbox 625 2992 742 3051; x_wconf 73' lang='lat' dir='ltr'>DE.</span> <span class='ocrx_word' id='word_1_131' title='bbox 764 2992 1070 3069; x_wconf 74' lang='lat' dir='ltr'>Disperii!</span> <span class='ocrx_word' id='word_1_132' title='bbox 1139 2991 1580 3066; x_wconf 89' lang='lat' dir='ltr'>Ctesiphonem</span> <span class='ocrx_word' id='word_1_133' title='bbox 1610 2994 1825 3051; x_wconf 86' lang='lat' dir='ltr'>audivi</span> <span class='ocrx_word' id='word_1_134' title='bbox 1855 2992 2051 3050; x_wconf 88' lang='lat' dir='ltr'>filium</span> <span class='ocrx_word' id='word_1_135' title='bbox 2504 2988 2613 3044; x_wconf 83' lang='lat'>355</span> 
     </span>
     <span class='ocr_line' id='line_1_25' title="bbox 756 3099 2049 3174; baseline 0 -17"><span class='ocrx_word' id='word_1_136' title='bbox 756 3099 895 3158; x_wconf 88' lang='lat' dir='ltr'>Vna</span> <span class='ocrx_word' id='word_1_137' title='bbox 923 3101 1113 3157; x_wconf 87' lang='lat' dir='ltr'>fuisse</span> <span class='ocrx_word' id='word_1_138' title='bbox 1143 3101 1206 3157; x_wconf 90' lang='lat' dir='ltr'>in</span> <span class='ocrx_word' id='word_1_139' title='bbox 1239 3101 1516 3174; x_wconf 87' lang='lat' dir='ltr'>raptione</span> <span class='ocrx_word' id='word_1_140' title='bbox 1548 3118 1688 3159; x_wconf 88' lang='lat' dir='ltr'>cum</span> <span class='ocrx_word' id='word_1_141' title='bbox 1717 3099 2049 3158; x_wconf 81' lang='lat' dir='ltr'>Aeschino.</span> 
     </span>
     <span class='ocr_line' id='line_1_26' title="bbox 756 3202 2235 3275; baseline -0.001 -16"><span class='ocrx_word' id='word_1_142' title='bbox 756 3202 829 3259; x_wconf 90' lang='lat' dir='ltr'>Id</span> <span class='ocrx_word' id='word_1_143' title='bbox 855 3204 1079 3260; x_wconf 88' lang='lat' dir='ltr'>misero</span> <span class='ocrx_word' id='word_1_144' title='bbox 1109 3206 1302 3260; x_wconf 87' lang='lat' dir='ltr'>restat</span> <span class='ocrx_word' id='word_1_145' title='bbox 1331 3204 1486 3260; x_wconf 88' lang='lat' dir='ltr'>mihi</span> <span class='ocrx_word' id='word_1_146' title='bbox 1521 3203 1696 3269; x_wconf 88' lang='lat' dir='ltr'>mali,</span> <span class='ocrx_word' id='word_1_147' title='bbox 1725 3203 1778 3260; x_wconf 89' lang='lat' dir='ltr'>si</span> <span class='ocrx_word' id='word_1_148' title='bbox 1803 3202 1981 3259; x_wconf 88' lang='lat' dir='ltr'>illum</span> <span class='ocrx_word' id='word_1_149' title='bbox 2010 3204 2235 3275; x_wconf 82' lang='lat' dir='ltr'>potest,</span> 
     </span>
    </p>
   </div>
   <div class='ocr_carea' id='block_1_15' title="bbox 756 3307 2481 3457">
    <p class='ocr_par' dir='ltr' id='par_1_15' title="bbox 756 3307 2481 3457">
     <span class='ocr_line' id='line_1_27' title="bbox 756 3307 2481 3385; baseline -0.004 -17"><span class='ocrx_word' id='word_1_150' title='bbox 756 3311 872 3378; x_wconf 84' lang='lat' dir='ltr'>Qui</span> <span class='ocrx_word' id='word_1_151' title='bbox 901 3310 1136 3385; x_wconf 86' lang='lat' dir='ltr'>aliquoi</span> <span class='ocrx_word' id='word_1_152' title='bbox 1163 3312 1250 3367; x_wconf 91' lang='lat' dir='ltr'>rei</span> <span class='ocrx_word' id='word_1_153' title='bbox 1272 3315 1365 3368; x_wconf 89' lang='lat' dir='ltr'>est</span> <span class='ocrx_word' id='word_1_154' title='bbox 1394 3312 1603 3382; x_wconf 88' lang='lat' dir='ltr'>etiam,</span> <span class='ocrx_word' id='word_1_155' title='bbox 1636 3327 1777 3368; x_wconf 91' lang='lat' dir='ltr'>eum</span> <span class='ocrx_word' id='word_1_156' title='bbox 1808 3310 1885 3367; x_wconf 89' lang='lat' dir='ltr'>ad</span> <span class='ocrx_word' id='word_1_157' title='bbox 1915 3310 2254 3384; x_wconf 86' lang='lat' dir='ltr'>nequitiem</span> <span class='ocrx_word' id='word_1_158' title='bbox 2294 3307 2481 3363; x_wconf 88' lang='lat' dir='ltr'>addu-</span> 
     </span>
     <span class='ocr_line' id='line_1_28' title="bbox 2026 3412 2187 3457; baseline -0.012 0"><span class='ocrx_word' id='word_1_159' title='bbox 2026 3412 2187 3457; x_wconf 76' lang='lat' dir='ltr'>cere.</span> 
     </span>
    </p>
   </div>
   <div class='ocr_carea' id='block_1_16' title="bbox 500 3502 2484 3651">
    <p class='ocr_par' dir='ltr' id='par_1_16' title="bbox 500 3502 2484 3651">
     <span class='ocr_line' id='line_1_29' title="bbox 500 3502 2484 3600; baseline -0.006 -33"><span class='ocrx_word' id='word_1_160' title='bbox 500 3507 534 3556; x_wconf 89' lang='lat'>5</span> <span class='ocrx_word' id='word_1_161' title='bbox 756 3507 874 3565; x_wconf 87' lang='lat' dir='ltr'>Vbi</span> <span class='ocrx_word' id='word_1_162' title='bbox 903 3523 1013 3581; x_wconf 86' lang='lat' dir='ltr'>ego</span> <span class='ocrx_word' id='word_1_163' title='bbox 1042 3506 1222 3563; x_wconf 90' lang='lat' dir='ltr'>illum</span> <span class='ocrx_word' id='word_1_164' title='bbox 1249 3522 1542 3579; x_wconf 84' lang='lat' dir='ltr'>quaeram</span> <span class='ocrx_word' id='word_1_165' title='bbox 1565 3506 1596 3563; x_wconf 76' lang='lat'><strong>?</strong></span> <span class='ocrx_word' id='word_1_166' title='bbox 1654 3506 1837 3600; x_wconf 32' lang='lat' dir='ltr'>credo·</span> <span class='ocrx_word' id='word_1_167' title='bbox 1873 3504 2211 3561; x_wconf 89' lang='lat' dir='ltr'>abductum</span> <span class='ocrx_word' id='word_1_168' title='bbox 2254 3502 2321 3560; x_wconf 90' lang='lat' dir='ltr'>in</span> <span class='ocrx_word' id='word_1_169' title='bbox 2368 3516 2484 3573; x_wconf 86' lang='lat' dir='ltr'>ga-</span> 
     </span>
     <span class='ocr_line' id='line_1_30' title="bbox 2011 3608 2198 3651; baseline -0.021 0"><span class='ocrx_word' id='word_1_170' title='bbox 2011 3608 2198 3651; x_wconf 90' lang='lat' dir='ltr'>neum</span> 
     </span>
    </p>
   </div>
   <div class='ocr_carea' id='block_1_17' title="bbox 757 3700 2610 3776">
    <p class='ocr_par' dir='ltr' id='par_1_17' title="bbox 757 3700 2610 3776">
     <span class='ocr_line' id='line_1_31' title="bbox 757 3700 2610 3776; baseline -0.002 -17"><span class='ocrx_word' id='word_1_171' title='bbox 757 3702 1025 3776; x_wconf 83' lang='lat' dir='ltr'>Aliquo3</span> <span class='ocrx_word' id='word_1_172' title='bbox 1056 3703 1368 3776; x_wconf 85' lang='lat' dir='ltr'>persuasit</span> <span class='ocrx_word' id='word_1_173' title='bbox 1396 3702 1498 3759; x_wconf 88' lang='lat' dir='ltr'>ille</span> <span class='ocrx_word' id='word_1_174' title='bbox 1527 3703 1811 3776; x_wconf 83' lang='lat' dir='ltr'>inpurus,</span> <span class='ocrx_word' id='word_1_175' title='bbox 1843 3703 1941 3757; x_wconf 87' lang='lat' dir='ltr'>sat</span> <span class='ocrx_word' id='word_1_176' title='bbox 1960 3700 2111 3758; x_wconf 77' lang='lat' dir='ltr'>scio,</span> <span class='ocrx_word' id='word_1_177' title='bbox 2501 3704 2610 3761; x_wconf 87' lang='lat'>360</span> 
     </span>
    </p>
   </div>
   <div class='ocr_carea' id='block_1_18' title="bbox 761 3800 2485 3951">
    <p class='ocr_par' dir='ltr' id='par_1_18' title="bbox 761 3800 2485 3951">
     <span class='ocr_line' id='line_1_32' title="bbox 761 3800 2485 3879; baseline -0.003 -16"><span class='ocrx_word' id='word_1_178' title='bbox 761 3804 879 3863; x_wconf 90' lang='lat' dir='ltr'>Sed</span> <span class='ocrx_word' id='word_1_179' title='bbox 905 3822 1114 3863; x_wconf 89' lang='lat' dir='ltr'>eccum</span> <span class='ocrx_word' id='word_1_180' title='bbox 1147 3805 1372 3877; x_wconf 85' lang='lat' dir='ltr'>Syrum</span> <span class='ocrx_word' id='word_1_181' title='bbox 1401 3807 1490 3862; x_wconf 92' lang='lat' dir='ltr'>ire</span> <span class='ocrx_word' id='word_1_182' title='bbox 1531 3806 1755 3877; x_wconf 71' lang='lat' dir='ltr'>videoj,</span> <span class='ocrx_word' id='word_1_183' title='bbox 1798 3806 1930 3879; x_wconf 88' lang='lat' dir='ltr'>jam</span> <span class='ocrx_word' id='word_1_184' title='bbox 1972 3804 2119 3861; x_wconf 89' lang='lat' dir='ltr'>hinc</span> <span class='ocrx_word' id='word_1_185' title='bbox 2161 3801 2329 3860; x_wconf 86' lang='lat' dir='ltr'>scibo</span> <span class='ocrx_word' id='word_1_186' title='bbox 2375 3800 2485 3858; x_wconf 85' lang='lat' dir='ltr'>ubi</span> 
     </span>
     <span class='ocr_line' id='line_1_33' title="bbox 2046 3894 2188 3951; baseline 0 -1"><span class='ocrx_word' id='word_1_187' title='bbox 2046 3894 2188 3951; x_wconf 84' lang='lat' dir='ltr'>siet.</span> 
     </span>
    </p>
   </div>
   <div class='ocr_carea' id='block_1_19' title="bbox 762 3995 2454 4179">
    <p class='ocr_par' dir='ltr' id='par_1_19' title="bbox 762 3995 2454 4179">
     <span class='ocr_line' id='line_1_34' title="bbox 762 3995 2454 4072; baseline -0.003 -17"><span class='ocrx_word' id='word_1_188' title='bbox 762 4000 966 4072; x_wconf 87' lang='lat' dir='ltr'>Atque</span> <span class='ocrx_word' id='word_1_189' title='bbox 994 3999 1196 4056; x_wconf 90' lang='lat' dir='ltr'>hercle</span> <span class='ocrx_word' id='word_1_190' title='bbox 1228 3998 1329 4055; x_wconf 85' lang='lat' dir='ltr'>hic</span> <span class='ocrx_word' id='word_1_191' title='bbox 1361 4000 1435 4055; x_wconf 87' lang='lat' dir='ltr'>de</span> <span class='ocrx_word' id='word_1_192' title='bbox 1467 4016 1649 4072; x_wconf 83' lang='lat' dir='ltr'>grege</span> <span class='ocrx_word' id='word_1_193' title='bbox 1676 3998 1785 4056; x_wconf 90' lang='lat' dir='ltr'>illo</span> <span class='ocrx_word' id='word_1_194' title='bbox 1816 4002 1945 4055; x_wconf 89' lang='lat' dir='ltr'>est:</span> <span class='ocrx_word' id='word_1_195' title='bbox 1988 3996 2041 4054; x_wconf 89' lang='lat' dir='ltr'>si</span> <span class='ocrx_word' id='word_1_196' title='bbox 2068 4012 2167 4054; x_wconf 90' lang='lat' dir='ltr'>me</span> <span class='ocrx_word' id='word_1_197' title='bbox 2197 3995 2454 4053; x_wconf 87' lang='lat' dir='ltr'>senserit</span> 
     </span>
     <span class='ocr_line' id='line_1_35' title="bbox 764 4103 2240 4179; baseline -0.003 -16"><span class='ocrx_word' id='word_1_198' title='bbox 764 4107 926 4164; x_wconf 90' lang='lat' dir='ltr'>Eum</span> <span class='ocrx_word' id='word_1_199' title='bbox 958 4105 1326 4179; x_wconf 88' lang='lat' dir='ltr'>quaeritare,</span> <span class='ocrx_word' id='word_1_200' title='bbox 1359 4121 1703 4179; x_wconf 86' lang='lat' dir='ltr'>numquam</span> <span class='ocrx_word' id='word_1_201' title='bbox 1736 4105 1895 4161; x_wconf 89' lang='lat' dir='ltr'>dicet</span> <span class='ocrx_word' id='word_1_202' title='bbox 1919 4103 2240 4160; x_wconf 83' lang='lat' dir='ltr'>carnufex.</span> 
     </span>
    </p>
   </div>
   <div class='ocr_carea' id='block_1_20' title="bbox 415 4210 2488 4356">
    <p class='ocr_par' dir='ltr' id='par_1_20' title="bbox 415 4210 2488 4356">
     <span class='ocr_line' id='line_1_36' title="bbox 415 4210 2488 4285; baseline -0.005 -12"><span class='ocrx_word' id='word_1_203' title='bbox 415 4264 442 4285; x_wconf 82' lang='grc'><em>,</em></span> <span class='ocrx_word' id='word_1_204' title='bbox 473 4216 535 4265; x_wconf 91' lang='grc'>10</span> <span class='ocrx_word' id='word_1_205' title='bbox 761 4212 901 4269; x_wconf 91' lang='lat' dir='ltr'>Non</span> <span class='ocrx_word' id='word_1_206' title='bbox 931 4212 1256 4269; x_wconf 88' lang='lat' dir='ltr'>ostendam</span> <span class='ocrx_word' id='word_1_207' title='bbox 1288 4210 1351 4269; x_wconf 89' lang='lat' dir='ltr'>id</span> <span class='ocrx_word' id='word_1_208' title='bbox 1384 4229 1482 4268; x_wconf 91' lang='lat' dir='ltr'>me</span> <span class='ocrx_word' id='word_1_209' title='bbox 1506 4212 1690 4269; x_wconf 86' lang='lat' dir='ltr'>velle.</span> <span class='ocrx_word' id='word_1_210' title='bbox 1768 4211 1878 4268; x_wconf 72' lang='grc' dir='ltr'>ΞΥ.</span> <span class='ocrx_word' id='word_1_211' title='bbox 1926 4210 2184 4267; x_wconf 90' lang='lat' dir='ltr'>Omnem</span> <span class='ocrx_word' id='word_1_212' title='bbox 2215 4224 2342 4265; x_wconf 89' lang='lat' dir='ltr'>rem</span> <span class='ocrx_word' id='word_1_213' title='bbox 2364 4223 2488 4263; x_wconf 92' lang='lat' dir='ltr'>mo·</span> 
     </span>
     <span class='ocr_line' id='line_1_37' title="bbox 1959 4299 2202 4356; baseline -0.008 0"><span class='ocrx_word' id='word_1_214' title='bbox 1959 4300 2035 4356; x_wconf 90' lang='lat' dir='ltr'>do</span> <span class='ocrx_word' id='word_1_215' title='bbox 2069 4299 2202 4355; x_wconf 87' lang='lat' dir='ltr'>seni</span> 
     </span>
    </p>
   </div>
   <div class='ocr_carea' id='block_1_21' title="bbox 677 4398 2615 4477">
    <p class='ocr_par' dir='ltr' id='par_1_21' title="bbox 677 4398 2615 4477">
     <span class='ocr_line' id='line_1_38' title="bbox 677 4398 2615 4477; baseline -0.004 -15"><span class='ocrx_word' id='word_1_216' title='bbox 677 4456 683 4462; x_wconf 89' lang='lat'>.</span> <span class='ocrx_word' id='word_1_217' title='bbox 763 4404 894 4471; x_wconf 90' lang='lat' dir='ltr'>Quo</span> <span class='ocrx_word' id='word_1_218' title='bbox 925 4408 1106 4477; x_wconf 90' lang='lat' dir='ltr'>pacto</span> <span class='ocrx_word' id='word_1_219' title='bbox 1139 4402 1393 4461; x_wconf 87' lang='lat' dir='ltr'>haberet</span> <span class='ocrx_word' id='word_1_220' title='bbox 1423 4418 1781 4461; x_wconf 85' lang='lat' dir='ltr'>enarramus</span> <span class='ocrx_word' id='word_1_221' title='bbox 1814 4398 2024 4458; x_wconf 88' lang='lat' dir='ltr'>ordine</span> <span class='ocrx_word' id='word_1_222' title='bbox 2058 4416 2069 4456; x_wconf 93' lang='lat'>:</span> <span class='ocrx_word' id='word_1_223' title='bbox 2506 4398 2615 4454; x_wconf 83' lang='lat'>365</span> 
     </span>
    </p>
   </div>
  </div>
 </body>
</html>
