3125 4984
1250 343 1326 352 —
1370 324 1556 367 xxxnt
1600 337 1678 350 —

373 392 889 462 1v,9,5—10,17
2240 377 2549 428 780—803

403 536 436 585 5
649 525 922 586 Nostin?
977 524 1102 582 ΒΕ.
1170 523 1302 580 Iam
1379 523 1573 579 scibo,
1646 521 1754 577 SY.
1812 517 1974 585 Quid
2022 513 2202 588 agis?
2247 511 2379 580 Quo

1358 610 1538 669 abis?
1594 611 1719 669 ΒΕ.
1756 609 1935 667 Mitte
1964 621 2087 664 me.
2440 599 2547 656 780

516 726 628 784 Sv.
667 725 832 794 Noli,
884 725 1171 796 inquam.
1230 721 1354 778 ΒΕ.
1415 720 1556 776 Non
1602 732 1861 774 manum
1903 713 2383 779 abstineS,mas-

1905 802 2099 877 tigia?

654 920 753 982 An
801 920 914 978 tibi
956 920 1091 994 jam
1138 917 1338 974 mavis
1377 914 1693 972 cerebrum
1742 912 2090 1059 ‹isigpeffirtn
2139 909 2281 968 hic?
2312 941 2382 950 —

656 1110 909 1185 Edepol,
942 1111 1406 1167 comissatorem
1438 1077 1605 1162 haud
1639 1120 1788 1161 sane
1818 1102 2229 1171 commodum,
2262 1077 2271 1084 ’

658 1214 1025 1270 Praesertim
1063 1210 1446 1285 Ctesiphoni.
1500 1207 1660 1275 Quid
1690 1221 1800 1279 ego
1830 1221 1994 1262 nunc
2021 1203 2242 1277 agam?

399 1318 462 1368 10
657 1317 813 1386 Nisi,
850 1317 1001 1372 dum
1045 1315 1163 1371 hae
1203 1313 1498 1370 silescunt
1528 1311 1766 1380 turbae,
1808 1309 2040 1366 interea
2081 1307 2148 1363 in
2196 1322 2383 1378 angu-
2472 1389 2521 1447 8

1967 1395 2097 1454 lum
2438 1392 2471 1446 7
2511 1390 2545 1446 ὃ

659 1511 886 1584 Aliquo
945 1511 1164 1567 abeam
1211 1512 1397 1582 atque
1441 1505 1849 1564 edormiscam
1899 1502 2015 1559 hoc
2070 1501 2232 1561 villi.
2285 1501 2383 1558 Sic

1880 1604 2089 1661 agam.

1162 1724 1404 1784 M1C1o
1485 1721 1750 1782 DEMEA

1301 1857 1505 1918 Sanus
1551 1872 1598 1916 11

379 2031 472 2084 Ν
523 2023 640 2081 M1.
674 2022 899 2078 Parata
923 2037 959 2076 a
989 2020 1168 2108 nohis
1194 2021 1361 2087 sunt,
1391 2019 1480 2074 ita
1507 2020 1579 2075 ut
1607 2019 1757 2087 dixi,
1788 2019 2084 2075 Sostrata.

384 2136 460 2189 10
665 2124 782 2182 Vbi
810 2124 906 2180 vis
1088 2123 1225 2196 quis
1254 2138 1399 2178 nam
1430 2137 1467 2176 a
1515 2137 1613 2178 me
1656 2119 1894 2195 pepulit
1942 2124 2069 2176 tam
2121 2119 2387 2191 graviter

1903 2209 2102 2266 foris?

509 2323 633 2381 ΒΕ.
684 2322 759 2378 Ei
786 2320 962 2388 mihi,
996 2319 1146 2393 quid
1177 2317 1448 2376 faciam?
1496 2319 1644 2392 quid
1674 2317 1897 2391 agam?
1944 2318 2094 2392 quid
2124 2318 2382 2374 clamem

1691 2412 1800 2464 aut
1830 2424 2053 2481 querar
2071 2408 2100 2465 ?

652 2516 703 2574 Ο
751 2516 1011 2586 caelum,
1066 2533 1101 2572 o
1151 2519 1334 2584 terra,
1385 2533 1420 2572 ο
1461 2516 1658 2572 maria
1713 2516 2020 2588 Neptuni!
2084 2515 2202 2575 Mt.
2267 2517 2382 2573 Em

1937 2603 2051 2659 tibi
2081 2619 2095 2661 ε
2439 2607 2547 2663 790

307 2702 317 2713 ’
429 2720 464 2768 5
659 2713 930 2770 Rescivit
945 2727 1192 2769 omnem
1223 2726 1352 2768 rem
1381 2728 1396 2778 ;
1427 2711 1490 2768 id
1523 2727 1688 2768 nunc
1718 2697 1968 2769 clamat.
2010 2711 2203 2780 Ilicet,

654 2819 916 2875 Paratae
961 2817 1102 2874 lites
1122 2833 1140 2888 3
1169 2816 1651 2874 succurrendum
1674 2819 1791 2874 est.
1854 2817 1977 2875 ΒΕ.
2007 2817 2235 2873 Eccum
2282 2815 2385 2870 ad-

684 2912 691 2917 ’
1978 2909 2090 2962 est.

651 3011 1015 3068 Communis
1045 3008 1391 3083 corruptela
1418 3012 1701 3065 nostrum
1732 3008 2020 3064 liberum.

515 3116 631 3174 M1.
669 3116 949 3172 Tandem
973 3115 1234 3188 reprime
1265 3113 1653 3170 iracundiam
1674 3115 1859 3186 atque
1899 3117 1965 3169 at
1994 3115 2053 3168 te
2086 3112 2241 3170 redi.

517 3224 639 3280 ΒΕ.
677 3223 986 3297 Repressi‚
1015 3223 1188 3291 redii,
1220 3222 1400 3278 mitto
1432 3221 1757 3278 maledicta
1807 3221 2016 3277 omnia
2044 3237 2065 3293 ζ,
2439 3227 2551 3283 795

402 3347 468 3396 10
663 3329 816 3386 Rem
846 3330 1046 3403 ipsam
1074 3331 1365 3402 putemus
1399 3343 1412 3385 :
1448 3328 1682 3384 dictum
1713 3328 1829 3385 hoc
1846 3328 2010 3385 inter
2040 3344 2153 3385 nos
2171 3327 2291 3384 fuit
2319 3359 2389 3368 —

661 3439 755 3495 Ex
785 3441 845 3495 te
870 3439 1020 3495 adeo
1052 3441 1144 3495 est
1165 3442 1369 3494 ortum
1397 3469 1468 3478 —
1492 3478 1508 3506 ,
1536 3453 1615 3494 ne
1645 3441 1713 3494 tu
1739 3453 1984 3494 curares
2013 3453 2221 3494 meum

659 3547 826 3604 Neve
871 3561 980 3618 ego
1016 3548 1226 3615 tuomg
1261 3544 1583 3617 responde,
1618 3545 1853 3600 factum
1884 3547 1977 3600 est
2006 3544 2035 3601 Ὺ
2093 3545 2201 3601 MJ.
2249 3544 2389 3600 Non

1915 3646 2097 3703 nego,

525 3743 647 3800 ΒΕ.
688 3743 852 3810 Quor
876 3758 1042 3798 nunc
1071 3742 1237 3816 apud
1263 3743 1320 3797 te
1349 3739 1574 3816 potat?
1602 3741 1771 3808 Quor
1817 3740 2034 3815 recipis
2070 3740 2322 3797 meum?

667 3852 834 3918 Quor
857 3851 1010 3908 emis
1039 3851 1323 3918 amicam,
1355 3851 1585 3909 Micio?
1621 3851 1898 3924 Numqui
1939 3853 2147 3908 minus
2284 3860 2290 3867 '
2446 3850 2554 3906 800

404 3966 472 4016 15
663 3960 820 4017 Mihi
865 3959 1029 4016 idem
1052 3960 1156 4032 jus
1197 3975 1458 4033 aequom
1489 3962 1583 4015 est
1629 3975 1760 4016 esse
1808 3961 1973 4033 quod
2018 3976 2263 4017 mecum
2302 3961 2395 4016 est

1948 4050 2107 4107 tihi?

674 4156 930 4224 Quando
960 4171 1070 4228 ego
1100 4158 1273 4211 tuom
1302 4171 1426 4212 non
1454 4171 1621 4224 curo,
1656 4172 1731 4212 ne
1752 4173 1900 4213 cura
1924 4173 2157 4214 meum.

529 4237 827 4344 M1.Non
886 4276 1147 4333 aequom
1204 4260 1382 4318 dicis,
1437 4260 1561 4319 ΒΕ.
1627 4261 1805 4318 Non?
1860 4263 1969 4319 M1.
2001 4262 2163 4319 Nam
2217 4264 2395 4317 vetus

1285 4345 1545 4401 verbum
1578 4346 1693 4402 hoc
1724 4346 1972 4420 quidem
2001 4351 2113 4416 est,
