3125 4984
415 423 512 489 111,
548 422 598 488 3,
625 421 688 473 44
707 448 770 460 -
798 420 860 471 τι

1310 371 1390 398 -ψ-
1431 356 1586 400 xxm
1613 363 1706 386 ·--

552 560 656 618 SY.
687 557 1091 632 Vigilantiam
1121 560 1291 615 tuam
1323 561 1392 616 tu
1419 558 1575 616 mihi
1604 557 1866 616 narras?
1918 557 2044 618 Du.
2082 558 2181 616 Sic
2211 556 2327 615 siet

433 669 500 720 45

696 664 882 722 Modo
911 667 985 721 ut
1011 680 1178 721 nunc
1205 665 1318 732 est,
1354 680 1615 737 quaeso.
1680 665 1792 723 ΞΥ.
1839 665 1921 722 vt
1948 665 2208 739 quisque
2247 681 2425 722 suom

1554 753 1689 811 volt
1720 769 1878 824 esse,
1894 754 1983 811 ita
2012 756 2133 812 est.

2292 421 2591 473 398—425

556 861 674 920 Du.
705 861 865 928 Quid
894 877 1038 918 eum
1057 860 1088 918 7
1134 861 1390 919 vidistin
1417 861 1603 920 hodie
1625 861 1656 919 7
1705 861 1816 920 8Υ.
1863 862 2141 920 Tuomne
2170 862 2368 920 filium
2396 861 2427 919 7
2481 859 2592 917 400

559 1168 676 1226 ΒΕ.

434 1553 501 1604 50
557 1553 673 1612 ΒΕ.

554 2367 658 2424 SY.

657 2475 910 2533 ‚Salvos
950 2475 1064 2543 sit,
1107 2489 1282 2548 spero
1311 2489 1330 2544 3
1372 2475 1465 2530 est
1496 2473 1717 2530 similis
1738 2474 2043 2547 maiorum
2061 2492 2258 2533 suom.
2314 2475 2418 2535 ΞΥ.

556 2672 674 2731 ΒΕ.

558 3401 676 3459 ΒΕ.

433 3609 502 3659 65
557 3598 664 3656 SY.

425 4224 506 4282 ’70

697 1002 768 1012 -
794 970 1060 1042 Abigam
1105 969 1270 1026 hunc
1323 985 1453 1028 rue.
1499 1001 1573 1010 —
1610 969 1745 1058 Iam
1774 968 2009 1026 dudum
2038 969 2272 1044 aliquid
2302 969 2429 1026 ruri

1627 1075 1806 1132 agere
1844 1059 2133 1117 arbitror.

701 1167 889 1224 Satin
919 1166 1038 1223 scis
1061 1165 1149 1222 ibi
1174 1181 1305 1244 esse
1325 1164 1355 1224 7
1414 1166 1523 1225 8Υ.
1571 1165 1687 1235 Oh,
1720 1167 1829 1240 qui
1852 1169 2093 1239 egomet
2124 1165 2416 1241 produxi.

1542 1255 1668 1315 ΒΕ.
1714 1255 1979 1330 Optume
2007 1259 2101 1313 est
2120 1271 2140 1327 ;

698 1360 893 1418 Metui
924 1375 1001 1418 ne
1037 1359 1316 1417 haereret
1339 1360 1463 1419 hic.
1538 1360 1652 1417 ΒΥ.
1698 1361 1901 1434 Atque
1937 1361 2167 1418 iratum
2206 1361 2427 1417 admo-

1954 1450 2129 1508 dum.

696 1553 857 1620 Quid
885 1551 1140 1610 autem?
1199 1552 1309 1610 ΞΥ.
1356 1552 1629 1610 Adortus
1640 1552 1847 1626 ⁸iurgio
1867 1555 1960 1609 est
1981 1553 2237 1610 fratrem
2256 1553 2425 1626 apud

1932 1643 2140 1700 forum

696 1750 789 1807 De
844 1749 1104 1823 psaltria
1152 1751 1332 1807 istac.
1407 1749 1531 1809 DE.
1579 1749 1697 1806 Ain
1746 1748 1942 1808 vero?
2005 1749 2116 1808 ΞΥ.
2162 1751 2285 1819 Ah,
2334 1751 2424 1807 nil

1860 1839 2130 1899 reticuit.

697 1945 859 2001 Nam
890 1947 962 2000 ut
993 1945 1438 2002 numerabatur
1460 1946 1618 2001 forte
1648 1947 1994 2017 argentum,
2023 1945 2354 2002 intervenit

707 2049 910 2106 Homo
943 2049 1016 2105 de
1058 2049 1434 2121 improvieo;
1476 2049 1675 2122 coepit
1706 2048 1971 2105 clamare
2006 2051 2060 2104 ‘o
2099 2050 2421 2119 Aeschine,

697 2151 970 2212 Haecine
999 2152 1234 2226 flagitia
1263 2153 1460 2209 facere
1486 2153 1543 2207 te
1570 2150 1583 2207 i
1617 2150 1767 2207 haec
1798 2152 1856 2206 te
1887 2150 2209 2210 admittere

696 2260 960 2332 Indigna
988 2275 1205 2334 genere
1236 2262 1447 2316 nostro
1479 2258 1513 2316 t’
1579 2258 1703 2316 DE.
1733 2257 1848 2328 Oh,
1866 2255 2142 2316 lacrumo
2172 2261 2416 2333 gaudio,

701 2365 860 2423 ‘Non
891 2369 957 2422 tu
988 2365 1103 2421 hoc
1134 2367 1458 2437 argentum
1484 2363 1713 2438 perdis,
1744 2365 1851 2420 sed
1882 2365 2074 2422 vitam
2100 2365 2327 2424 tuam.’

1964 2564 2131 2623 Hui!

697 2673 868 2745 Syre,
900 2676 1363 2747 praeceptorum
1391 2672 1642 2748 plenust
1672 2673 1932 2730 istorum
1952 2671 2083 2732 ille.
2122 2673 2227 2730 Sy.
2251 2672 2417 2747 Phy!

694 2781 881 2838 Domi
912 2780 1134 2836 hahuit
1162 2780 1326 2836 unde
1357 2779 1638 2836 disceret.
1711 2779 1835 2839 DE.
1882 2779 1986 2837 Fit
2014 2778 2266 2837 sedulo:

695 2881 804 2940 Nil
848 2881 1307 2955 praetermitt03
1343 2879 1731 2937 consuefacio
1751 2895 1770 2950 3
1803 2878 2065 2951 denique

699 2991 1006 3065 Inspicere
1034 2994 1354 3064 tamquam
1391 2989 1455 3045 in
1485 2989 1803 3062 speculum
1841 2989 1907 3046 in
1945 2989 2107 3046 vitas
2145 2989 2422 3046 omnium

696 3097 886 3153 Iubeo
927 3100 1111 3169 atque
1137 3112 1212 3152 ex
1238 3094 1377 3151 aliis
1408 3110 1649 3151 sumere
1675 3093 2026 3169 exemplum
2057 3095 2201 3152 sibi.

704 3202 855 3259 ‘Hoc
888 3202 1118 3258 facit0.’
1184 3201 1294 3260 SY.
1343 3201 1530 3258 Recte
1551 3217 1727 3258 sane.
1800 3200 1924 3259 DE.
2001 3201 2153 3257 ‘Hoc
2185 3198 2424 3288 fugito?

1684 3291 1795 3348 SY.
1864 3289 2127 3347 Callide.

705 3402 856 3459 ‘Hoc
884 3401 1058 3458 laudi
1087 3401 1195 3459 est'
1233 3402 1344 3460 Sy.
1393 3402 1591 3458 Istaec
1620 3417 1715 3458 ree
1736 3404 1854 3459 est.
1926 3401 2050 3458 DE.
2101 3400 2251 3457 ‘Hoc
2269 3399 2423 3456 vitio

1914 3489 2137 3549 datur.’

695 3597 1120 3656 Probissume.
1198 3598 1322 3656 DE.
1369 3596 1556 3654 Porro
1585 3599 1793 3654 autem
1815 3641 1828 3655 .
1851 3642 1864 3655 .
1899 3597 2009 3654 ΞΥ.
2056 3597 2197 3654 Νοιι
2222 3595 2423 3654 hercle

1810 3687 2007 3742 otium
2046 3689 2139 3743 est

697 3797 878 3854 Nunc
908 3795 994 3852 mi
1025 3793 1456 3851 auscultandi:
1522 3794 1709 3868 piscis
1739 3809 1813 3849 ex
1844 3793 2149 3849 sententia

703 3907 940 3965 Nactus
971 3922 1109 3962 sum
1133 3922 1152 3977 3
1181 3905 1200 3961 i
1232 3904 1387 3961 mihi
1426 3919 1503 3961 ne
1541 3904 2021 3976 corrumpantur
2060 3901 2263 3958 cautio
2292 3904 2385 3958 eet
2402 3917 2422 3972 ς,

697 4015 859 4071 Nam
887 4013 951 4069 id
981 4011 1161 4070 nobis
1190 4015 1316 4068 tam
1346 4010 1650 4084 flagitium
1680 4012 1773 4065 est
1801 4024 1989 4082 quam
2018 4006 2149 4074 illa,
2171 4007 2422 4074 Demea,

697 4120 839 4176 Non
871 4119 1069 4174 facere
1098 4117 1297 4185 vobis»,
1330 4131 1487 4188 quae
1515 4113 1699 4170 modo
1730 4112 1924 4182 dixti3
1964 4113 2025 4167 et
2061 4108 2227 4182 quod
2268 4123 2425 4181 queo

701 4221 1036 4280 Conservis
1063 4220 1142 4276 ad
1173 4218 1432 4276 eundem
1465 4218 1669 4273 istunc
1697 4214 2006 4290 praecipio
2035 4212 2285 4270 modum
2309 4227 2323 4268 ε

715 4332 864 4388 ‘Hoc
903 4329 1139 4388 salsum
1172 4332 1286 4396 est,
1318 4328 1432 4385 hoc
1463 4326 1755 4384 adustum
1787 4327 1897 4392 est,
1930 4323 2045 4378 hoc
2072 4322 2315 4379 lautum
2334 4323 2426 4376 est

1881 4427 2101 4488 parum
2118 4427 2139 4484 3

2475 1842 2586 1899 405

2474 2375 2583 2432 410

2474 3000 2584 3056 415

2474 3799 2584 3858 420
