3125 4984
1257 399 1336 409 ·-
1379 384 1571 428 XXXIII
1616 401 1694 412 -—

393 441 486 507 xv,
509 443 560 503 5,
593 443 618 494 1
651 470 715 481 -
740 442 804 492 23
2251 447 2345 499 635
2374 474 2436 486 -
2462 448 2556 532 65⁷

1124 645 1311 706 M1C1o
1447 646 1807 706 Asscnmvs

1125 779 1334 840 Sam-:x
1423 780 1835 842 Anvuzsctms

1335 950 1450 1010 M1.
1488 951 1586 1007 Ita
1613 953 1703 1008 uti
1728 952 1878 1020 dixi,
1915 953 2217 1024 Sostrata,
2450 957 2559 1016 635

672 1052 884 1110 Facite
901 1068 920 1124 ;
954 1069 1064 1126 ego
1106 1052 1482 1111 Aeschinum
1525 1057 1912 1126 conveniam,
1945 1061 2015 1113 ut
2059 1075 2182 1130 quo
2214 1048 2395 1116 modo

1429 1147 1570 1200 acta
1599 1145 1749 1202 haec
1774 1146 1905 1202 sint
1924 1147 2102 1205 sciat.

679 1251 798 1308 Sed
827 1252 966 1324 quis
986 1252 1213 1310 ostium
1229 1253 1343 1310 hoc
1356 1252 1627 1326 pultavit
1639 1253 1668 1310 ?
1703 1255 1823 1312 ΑΕ.
1865 1255 2046 1312 Pater
2064 1256 2263 1313 hercle
2280 1261 2393 1314 est.

1361 1342 1548 1400 Perii.
1636 1344 1749 1402 Mt.
1779 1343 2102 1414 Aeschine,

673 1449 793 1508 ΑΕ.
837 1449 996 1516 Quid
1016 1451 1158 1510 huic
1175 1451 1274 1508 hic
1293 1452 1499 1525 negoti
1528 1456 1624 1512 est
1642 1452 1671 1511 ?
1721 1453 1837 1511 M1.
1874 1453 2048 1510 Tune
2069 1454 2183 1511 has
2208 1470 2395 1527 pepu-

1759 1541 1891 1598 listi
1918 1542 2067 1598 foris
2084 1541 2113 1599 ?

442 1653 475 1702 5
673 1645 970 1704 —Tacet.
1017 1647 1183 1713 Quor
1201 1662 1325 1703 non
1354 1644 1501 1704 ludo
1532 1646 1698 1704 hunc
1727 1646 2174 1721 aliquantisper
2195 1647 2224 1706 ?
2274 1648 2395 1706 Me-

1737 1735 1861 1792 lius
1891 1739 2006 1805 est,

673 1844 930 1914 Quando
956 1844 1236 1918 equidem
1261 1845 1378 1902 hoc
1414 1861 1757 1918 numquam
1786 1845 1872 1900 mi
1896 1844 2025 1918 ipse
2058 1844 2257 1902 voluit
2296 1845 2396 1902 di-

1835 1949 1993 1992 cere.
2040 1966 2111 1975 —
2449 1938 2557 1997 640

672 2037 844 2098 Nihil
900 2037 1055 2095 mihi
1096 2035 1481 2110 respondes?
1553 2037 1674 2095 As.
1724 2039 1866 2095 Non
1911 2036 2193 2110 equidem
2216 2039 2391 2108 istas,

1689 2133 1854 2205 quod
1884 2133 2100 2192 sciam.

530 2241 646 2300 M1.
676 2239 771 2297 Ita
791 2239 820 2296 ?
893 2239 1055 2297 Nam
1086 2240 1374 2308 mirabar,
1397 2237 1547 2313 quid
1576 2237 1675 2293 hic
1706 2237 1912 2309 negoti
1942 2244 2101 2293 esset
2136 2237 2278 2295 tibi.

387 1055 478 1192 022

575 2351 582 2358 ’
675 2381 746 2391 -
782 2350 1086 2420 Erubuit3
1119 2350 1294 2406 salva
1323 2367 1420 2407 res
1449 2354 1565 2407 est.
1650 2351 1770 2406 ΑΕ.
1822 2349 1935 2405 Dic
1965 2349 2163 2419 sodeS‚
2195 2353 2390 2423 pater,

412 2467 474 2518 10
673 2454 813 2512 Tibi
832 2471 978 2511 vero
1008 2455 1157 2528 quid
1177 2455 1315 2511 istic
1337 2457 1430 2510 est
1451 2453 1579 2510 rei?
1616 2454 1725 2512 Μῐ.
1757 2453 1929 2510 Nihil
1947 2454 2100 2509 mihi
2120 2453 2389 2526 quidem.

666 2557 920 2614 Amicus
951 2557 1205 2630 quidam
1234 2573 1331 2613 me
1362 2573 1399 2612 a
1430 2557 1562 2614 foro
1593 2556 1859 2613 abduxit
1880 2551 2062 2613 modo
2446 2565 2555 2624 645

637 2686 640 2696 ·
671 2661 811 2738 Huc
823 2661 1191 2718 advocatum
1203 2661 1341 2718 sibi.
1382 2663 1496 2718 ΑΕ.
1515 2660 1717 2729 Quid?
1752 2661 1817 2718 M
1848 2703 1861 2717 .
1891 2661 2021 2733 Ego
2034 2661 2232 2717 dicam
2247 2661 2387 2718 tihi:

672 2771 979 2827 Habitant
1005 2771 1105 2827 hic
1149 2771 1453 2844 quaedam
1481 2770 1769 2829 mulieres
1798 2770 2207 2845 pauperculae
2231 2785 2245 2828 :

672 2876 753 2932 Vt
775 2878 992 2951 opinor
1020 2893 1122 2934 eas
1147 2893 1273 2933 non
1303 2893 1482 2933 nosse
1512 2879 1592 2945 te,
1627 2880 1687 2932 et
1716 2879 1879 2932 certo
1906 2873 2030 2931 scio
2052 2891 2069 2945 3

406 2999 502 3050 15·
669 2981 886 3054 Neque
915 2981 1081 3038 enim
1125 2981 1233 3038 diu
1275 2981 1397 3037 huc
1443 2980 1815 3052 migrarunt.
1882 2980 2002 3037 ΑΕ.
2050 2979 2209 3044 Quid
2260 2983 2391 3035 tum

1854 3069 2111 3144 Postea?

528 3179 642 3238 M1.
680 3179 864 3252 Vir-go
889 3181 982 3234 est
1012 3193 1153 3234 cum
1178 3179 1398 3234 matre.
1464 3175 1585 3233 ΑΕ.
1624 3176 1838 3247 Perge.
1904 3175 2017 3232 M1.
2066 3175 2236 3232 Haec
2264 3173 2395 3232 vir-

1471 3280 1548 3338 go
1583 3265 1736 3321 orba
1771 3267 1865 3322 est
1891 3268 2065 3338 patre
2084 3280 2117 3335 ;·
2448 3279 2557 3338 «550

669 3370 787 3427 Hic
821 3386 996 3427 meus
1027 3369 1262 3426 amicus
1290 3368 1383 3425 illi
1413 3385 1630 3442 genere
1660 3372 1751 3424 est
1780 3383 2119 3442 proxumus
2144 3383 2157 3424 :

673 3475 837 3533 Huic
877 3476 1041 3549 leges
1078 3480 1306 3549 cogunt
1340 3476 1573 3533 nubere
1602 3475 1788 3532 hanc.
1856 3475 1976 3534 ΑΕ..
2026 3474 2212 3537 Perii,
2269 3474 2383 3532 M1.

1791 3566 1952 3633 Quid
1977 3564 2110 3621 est?

528 3672 626 3729 ΑΕ
641 3716 654 3731 .
691 3671 864 3730 Nihil
875 3687 893 3743 3
926 3676 1116 3742 recte3
1148 3687 1353 3745 perge.
1411 3672 1523 3729 M1.
1547 3671 1611 3728 Is
1631 3671 1802 3728 venit
1817 3674 1888 3726 ut
1909 3685 2117 3728 secum
2139 3671 2363 3726 avehat
2374 3685 2391 3739 3

399 3792 470 3843 20
670 3779 832 3836 Nam
881 3778 1126 3834 habitat
1173 3777 1395 3836 Mileti.
1458 3776 1580 3835 ΑΕ.
1640 3777 1821 3845 Hem,
1853 3767 2159 3848 virginem
2189 3779 2260 3832 ut
2306 3791 2395 3831 se-

1669 3881 1809 3922 cum
1839 3862 2108 3925 avehat?

525 3975 642 4032 M1.
680 3975 778 4033 Sic
821 3979 938 4033 est.
991 3977 1112 4034 An.
1167 3974 1449 4032 Miletum
1495 3988 1714 4046 usque,
1747 3971 2037 4029 obsecro?
2092 3971 2206 4029 M1.
2265 3971 2385 4030 Ita.

1404 4068 1524 4122 ΑΒ.
1563 4066 1790 4120 Animo
1820 4062 1981 4119 male
2014 4067 2133 4120 est.
2451 4067 2559 4128 655

670 4177 830 4244 Quid
858 4176 1068 4249 ipsae?
1129 4177 1276 4248 quid
1319 4175 1534 4247 aJ‘unt‘?
1592 4175 1705 4231 M1.
1758 4173 1911 4240 Quid
1960 4172 2104 4228 illas
2150 4171 2397 4227 censes?

1786 4265 1877 4320 nil
1908 4265 2099 4320 enim.

678 4385 1044 4441 Commenta
1075 4383 1271 4437 mater
1300 4383 1392 4436 est
1431 4395 1560 4435 esse
1596 4394 1669 4435 ex
1700 4376 1821 4432 alio
1850 4375 1981 4431 viro
