<?xml version="1.0" encoding="UTF-8"?>
<!DOCTYPE html PUBLIC "-//W3C//DTD XHTML 1.0 Transitional//EN"
    "http://www.w3.org/TR/xhtml1/DTD/xhtml1-transitional.dtd">
<html xmlns="http://www.w3.org/1999/xhtml" xml:lang="en" lang="en">
 <head>
  <title>
</title>
<meta http-equiv="Content-Type" content="text/html;charset=utf-8" />
  <meta name='ocr-system' content='tesseract 3.04.00' />
  <meta name='ocr-capabilities' content='ocr_page ocr_carea ocr_par ocr_line ocrx_word'/>
</head>
<body>
  <div class='ocr_page' id='page_1' title='image "./pterentiafriade00plesgoog/pterentiafriade00plesgoog_0033.png"; bbox 0 0 3125 4984; ppageno 0'>
   <div class='ocr_carea' id='block_1_1' title="bbox 237 356 2414 533">
    <p class='ocr_par' dir='ltr' id='par_1_1' title="bbox 237 356 2414 533">
     <span class='ocr_line' id='line_1_1' title="bbox 1161 356 1516 401; baseline -0.003 0"><span class='ocrx_word' id='word_1_1' title='bbox 1161 371 1240 384; x_wconf 78' lang='grc'><strong>-·</strong></span> <span class='ocrx_word' id='word_1_2' title='bbox 1285 356 1394 401; x_wconf 80' lang='lat' dir='ltr'><strong>xm</strong></span> <span class='ocrx_word' id='word_1_3' title='bbox 1436 373 1516 384; x_wconf 87' lang='grc'><strong>--</strong></span> 
     </span>
     <span class='ocr_line' id='line_1_2' title="bbox 237 449 2414 533; baseline -0.002 -26"><span class='ocrx_word' id='word_1_4' title='bbox 237 455 309 522; x_wconf 87' lang='lat'><strong>11,</strong></span> <span class='ocrx_word' id='word_1_5' title='bbox 345 455 390 522; x_wconf 82' lang='lat'><strong>1,</strong></span> <span class='ocrx_word' id='word_1_6' title='bbox 410 455 492 506; x_wconf 80' lang='lat'><strong>39.</strong></span> <span class='ocrx_word' id='word_1_7' title='bbox 523 455 654 517; x_wconf 84' lang='lat'><strong>—3,</strong></span> <span class='ocrx_word' id='word_1_8' title='bbox 690 454 715 505; x_wconf 90' lang='lat'>1</span> <span class='ocrx_word' id='word_1_9' title='bbox 1050 522 1061 533; x_wconf 39' lang='lat'><strong>·</strong></span> <span class='ocrx_word' id='word_1_10' title='bbox 2116 449 2205 500; x_wconf 75' lang='lat'><strong>193</strong></span> <span class='ocrx_word' id='word_1_11' title='bbox 2231 476 2294 490; x_wconf 88' lang='lat'><em>-</em></span> <span class='ocrx_word' id='word_1_12' title='bbox 2321 451 2414 502; x_wconf 78' lang='lat'><strong>20‘.)</strong></span> 
     </span>
    </p>
   </div>
   <div class='ocr_carea' id='block_1_2' title="bbox 517 587 2237 752">
    <p class='ocr_par' dir='ltr' id='par_1_2' title="bbox 517 587 2237 752">
     <span class='ocr_line' id='line_1_3' title="bbox 517 587 2237 663; baseline -0.004 -13"><span class='ocrx_word' id='word_1_13' title='bbox 517 591 714 663; x_wconf 79' lang='lat' dir='ltr'><strong>Coges</strong></span> <span class='ocrx_word' id='word_1_14' title='bbox 744 605 840 648; x_wconf 88' lang='lat' dir='ltr'><strong>me</strong></span> <span class='ocrx_word' id='word_1_15' title='bbox 861 588 890 645; x_wconf 68' lang='lat'><strong>⁶?</strong></span> <span class='ocrx_word' id='word_1_16' title='bbox 953 587 1074 646; x_wconf 65' lang='lat' dir='ltr'><strong>Aa.</strong></span> <span class='ocrx_word' id='word_1_17' title='bbox 1105 588 1409 646; x_wconf 88' lang='lat' dir='ltr'><strong>Minume.</strong></span> <span class='ocrx_word' id='word_1_18' title='bbox 1482 588 1593 644; x_wconf 68' lang='lat' dir='ltr'><strong>SA.</strong></span> <span class='ocrx_word' id='word_1_19' title='bbox 1628 587 1911 660; x_wconf 79' lang='lat' dir='ltr'><strong>Namque</strong></span> <span class='ocrx_word' id='word_1_20' title='bbox 1931 587 1994 644; x_wconf 90' lang='lat' dir='ltr'><strong>id</strong></span> <span class='ocrx_word' id='word_1_21' title='bbox 2020 587 2237 645; x_wconf 87' lang='lat' dir='ltr'><strong>metui.</strong></span> 
     </span>
     <span class='ocr_line' id='line_1_4' title="bbox 1104 677 2173 752; baseline -0.002 -16"><span class='ocrx_word' id='word_1_22' title='bbox 1104 679 1225 737; x_wconf 78' lang='grc' dir='ltr'><strong>ΑΕ.</strong></span> <span class='ocrx_word' id='word_1_23' title='bbox 1273 678 1485 752; x_wconf 82' lang='lat' dir='ltr'>Neque</span> <span class='ocrx_word' id='word_1_24' title='bbox 1516 677 1911 734; x_wconf 81' lang='lat' dir='ltr'><strong>vendundam</strong></span> <span class='ocrx_word' id='word_1_25' title='bbox 1940 693 2173 746; x_wconf 60' lang='lat' dir='ltr'><strong>oensem</strong></span> 
     </span>
    </p>
   </div>
   <div class='ocr_carea' id='block_1_3' title="bbox 251 763 2244 930">
    <p class='ocr_par' dir='ltr' id='par_1_3' title="bbox 251 763 2244 930">
     <span class='ocr_line' id='line_1_5' title="bbox 251 763 2244 854; baseline -0.002 -13"><span class='ocrx_word' id='word_1_26' title='bbox 251 797 324 848; x_wconf 74' lang='lat'><strong>40</strong></span> <span class='ocrx_word' id='word_1_27' title='bbox 520 783 687 850; x_wconf 82' lang='lat' dir='ltr'>Quae</span> <span class='ocrx_word' id='word_1_28' title='bbox 729 781 922 840; x_wconf 82' lang='lat' dir='ltr'><strong>libera</strong></span> <span class='ocrx_word' id='word_1_29' title='bbox 964 763 1056 839; x_wconf 78' lang='lat' dir='ltr'><strong>est</strong></span> <span class='ocrx_word' id='word_1_30' title='bbox 1088 797 1102 838; x_wconf 92' lang='lat'><strong>:</strong></span> <span class='ocrx_word' id='word_1_31' title='bbox 1157 797 1304 838; x_wconf 82' lang='lat' dir='ltr'><strong>nam</strong></span> <span class='ocrx_word' id='word_1_32' title='bbox 1354 797 1464 854; x_wconf 85' lang='lat' dir='ltr'><strong>ego</strong></span> <span class='ocrx_word' id='word_1_33' title='bbox 1521 780 1763 837; x_wconf 73' lang='lat' dir='ltr'><strong>liberali</strong></span> <span class='ocrx_word' id='word_1_34' title='bbox 1806 781 1981 840; x_wconf 84' lang='lat' dir='ltr'><strong>illam</strong></span> <span class='ocrx_word' id='word_1_35' title='bbox 2028 781 2244 839; x_wconf 75' lang='lat' dir='ltr'><strong>adsero</strong></span> 
     </span>
     <span class='ocr_line' id='line_1_6' title="bbox 1517 886 1953 930; baseline 0.009 -4"><span class='ocrx_word' id='word_1_36' title='bbox 1517 886 1705 927; x_wconf 82' lang='lat' dir='ltr'>eausa</span> <span class='ocrx_word' id='word_1_37' title='bbox 1734 887 1953 930; x_wconf 76' lang='lat' dir='ltr'><strong>manu,</strong></span> 
     </span>
    </p>
   </div>
   <div class='ocr_carea' id='block_1_4' title="bbox 520 969 2396 1130">
    <p class='ocr_par' dir='ltr' id='par_1_4' title="bbox 520 969 2396 1130">
     <span class='ocr_line' id='line_1_7' title="bbox 520 969 2242 1049; baseline 0 -16"><span class='ocrx_word' id='word_1_38' title='bbox 520 975 700 1034; x_wconf 83' lang='lat' dir='ltr'><strong>Nunc</strong></span> <span class='ocrx_word' id='word_1_39' title='bbox 733 976 870 1034; x_wconf 87' lang='lat' dir='ltr'><strong>.vide</strong></span> <span class='ocrx_word' id='word_1_40' title='bbox 903 969 1114 1033; x_wconf 87' lang='lat' dir='ltr'><strong>utrum</strong></span> <span class='ocrx_word' id='word_1_41' title='bbox 1149 975 1266 1044; x_wconf 78' lang='lat' dir='ltr'><strong>vie,</strong></span> <span class='ocrx_word' id='word_1_42' title='bbox 1299 979 1625 1047; x_wconf 81' lang='lat' dir='ltr'><strong>argentum</strong></span> <span class='ocrx_word' id='word_1_43' title='bbox 1654 974 1924 1049; x_wconf 82' lang='lat' dir='ltr'><strong>accipere</strong></span> <span class='ocrx_word' id='word_1_44' title='bbox 1977 991 2058 1032; x_wconf 80' lang='lat' dir='ltr'><strong>an</strong></span> <span class='ocrx_word' id='word_1_45' title='bbox 2106 992 2242 1033; x_wconf 80' lang='lat' dir='ltr'>cau·</span> 
     </span>
     <span class='ocr_line' id='line_1_8' title="bbox 731 1052 2396 1130; baseline 0.004 -9"><span class='ocrx_word' id='word_1_46' title='bbox 731 1052 742 1062; x_wconf 73' lang='grc'><strong>’</strong></span> <span class='ocrx_word' id='word_1_47' title='bbox 1274 1083 1407 1122; x_wconf 78' lang='lat' dir='ltr'><strong>sam</strong></span> <span class='ocrx_word' id='word_1_48' title='bbox 1437 1066 1721 1122; x_wconf 81' lang='lat' dir='ltr'><strong>meditari</strong></span> <span class='ocrx_word' id='word_1_49' title='bbox 1751 1069 1951 1124; x_wconf 81' lang='lat' dir='ltr'><strong>tuam.</strong></span> <span class='ocrx_word' id='word_1_50' title='bbox 2288 1072 2396 1130; x_wconf 76' lang='lat'><strong>195</strong></span> 
     </span>
    </p>
   </div>
   <div class='ocr_carea' id='block_1_5' title="bbox 522 1168 1729 1242">
    <p class='ocr_par' dir='ltr' id='par_1_5' title="bbox 522 1168 1729 1242">
     <span class='ocr_line' id='line_1_9' title="bbox 522 1168 1729 1242; baseline -0.002 -12"><span class='ocrx_word' id='word_1_51' title='bbox 522 1171 810 1231; x_wconf 83' lang='lat' dir='ltr'><strong>Delibera</strong></span> <span class='ocrx_word' id='word_1_52' title='bbox 838 1173 974 1242; x_wconf 82' lang='lat' dir='ltr'><strong>hoo,</strong></span> <span class='ocrx_word' id='word_1_53' title='bbox 1009 1172 1158 1228; x_wconf 86' lang='lat' dir='ltr'><strong>dum</strong></span> <span class='ocrx_word' id='word_1_54' title='bbox 1190 1187 1299 1242; x_wconf 72' lang='lat' dir='ltr'><strong>ego</strong></span> <span class='ocrx_word' id='word_1_55' title='bbox 1331 1170 1530 1240; x_wconf 82' lang='lat' dir='ltr'><strong>redeo,</strong></span> <span class='ocrx_word' id='word_1_56' title='bbox 1563 1168 1729 1228; x_wconf 81' lang='lat' dir='ltr'><strong>leno,</strong></span> 
     </span>
    </p>
   </div>
   <div class='ocr_carea' id='block_1_6' title="bbox 1131 1419 1499 1477">
    <p class='ocr_par' dir='ltr' id='par_1_6' title="bbox 1131 1419 1499 1477">
     <span class='ocr_line' id='line_1_10' title="bbox 1131 1419 1499 1477; baseline 0.005 -2"><span class='ocrx_word' id='word_1_57' title='bbox 1131 1419 1499 1477; x_wconf 75' lang='lat' dir='ltr'>SANNIO</span> 
     </span>
    </p>
   </div>
   <div class='ocr_carea' id='block_1_7' title="bbox 1247 1572 1418 1640">
    <p class='ocr_par' dir='ltr' id='par_1_7' title="bbox 1247 1572 1418 1640">
     <span class='ocr_line' id='line_1_11' title="bbox 1247 1572 1418 1640; baseline -0.012 -9"><span class='ocrx_word' id='word_1_58' title='bbox 1247 1572 1418 1640; x_wconf 66' lang='lat' dir='ltr'><strong>Lnso</strong></span> 
     </span>
    </p>
   </div>
   <div class='ocr_carea' id='block_1_8' title="bbox 233 1747 2246 2122">
    <p class='ocr_par' dir='ltr' id='par_1_8' title="bbox 233 1747 2246 2122">
     <span class='ocr_line' id='line_1_12' title="bbox 233 1747 2239 1823; baseline -0.003 -13"><span class='ocrx_word' id='word_1_59' title='bbox 233 1749 364 1812; x_wconf 59' lang='lat'><strong>113</strong></span> <span class='ocrx_word' id='word_1_60' title='bbox 391 1751 494 1807; x_wconf 76' lang='lat' dir='ltr'><strong>SA.</strong></span> <span class='ocrx_word' id='word_1_61' title='bbox 1471 1749 1589 1806; x_wconf 85' lang='lat' dir='ltr'><strong>Pro</strong></span> <span class='ocrx_word' id='word_1_62' title='bbox 1628 1764 1911 1823; x_wconf 82' lang='lat' dir='ltr'><strong>supreme</strong></span> <span class='ocrx_word' id='word_1_63' title='bbox 1944 1747 2239 1823; x_wconf 73' lang='lat' dir='ltr'><strong>Iuppiter,</strong></span> 
     </span>
     <span class='ocr_line' id='line_1_13' title="bbox 531 1856 2172 1930; baseline -0.001 -17"><span class='ocrx_word' id='word_1_64' title='bbox 531 1856 808 1914; x_wconf 87' lang='lat' dir='ltr'><strong>Minume</strong></span> <span class='ocrx_word' id='word_1_65' title='bbox 837 1856 1024 1912; x_wconf 85' lang='lat' dir='ltr'><strong>miror</strong></span> <span class='ocrx_word' id='word_1_66' title='bbox 1048 1857 1154 1928; x_wconf 86' lang='lat' dir='ltr'><strong>qui</strong></span> <span class='ocrx_word' id='word_1_67' title='bbox 1182 1857 1452 1913; x_wconf 82' lang='lat' dir='ltr'>insanire</span> <span class='ocrx_word' id='word_1_68' title='bbox 1484 1857 1794 1930; x_wconf 83' lang='lat' dir='ltr'><strong>occipiunt</strong></span> <span class='ocrx_word' id='word_1_69' title='bbox 1822 1873 1895 1913; x_wconf 83' lang='lat' dir='ltr'><strong>ex</strong></span> <span class='ocrx_word' id='word_1_70' title='bbox 1924 1857 2172 1929; x_wconf 84' lang='lat' dir='ltr'><strong>injuria.</strong></span> 
     </span>
     <span class='ocr_line' id='line_1_14' title="bbox 533 1961 2246 2033; baseline -0.001 -15"><span class='ocrx_word' id='word_1_71' title='bbox 533 1963 730 2019; x_wconf 88' lang='lat' dir='ltr'><strong>Domo</strong></span> <span class='ocrx_word' id='word_1_72' title='bbox 760 1976 858 2018; x_wconf 89' lang='lat' dir='ltr'><strong>me</strong></span> <span class='ocrx_word' id='word_1_73' title='bbox 894 1961 1137 2033; x_wconf 86' lang='lat' dir='ltr'><strong>eripuit,</strong></span> <span class='ocrx_word' id='word_1_74' title='bbox 1180 1961 1527 2018; x_wconf 82' lang='lat' dir='ltr'><strong>verberavit</strong></span> <span class='ocrx_word' id='word_1_75' title='bbox 1541 1978 1560 2032; x_wconf 77' lang='lat'><em>3</em></span> <span class='ocrx_word' id='word_1_76' title='bbox 1613 1977 1710 2019; x_wconf 88' lang='lat' dir='ltr'><strong>me</strong></span> <span class='ocrx_word' id='word_1_77' title='bbox 1748 1962 1947 2017; x_wconf 84' lang='lat' dir='ltr'><strong>invito</strong></span> <span class='ocrx_word' id='word_1_78' title='bbox 1987 1961 2246 2016; x_wconf 83' lang='lat' dir='ltr'><strong>abduxit</strong></span> 
     </span>
     <span class='ocr_line' id='line_1_15' title="bbox 1730 2066 1963 2122; baseline 0 -16"><span class='ocrx_word' id='word_1_79' title='bbox 1730 2067 1928 2107; x_wconf 87' lang='lat' dir='ltr'><strong>meam</strong></span> <span class='ocrx_word' id='word_1_80' title='bbox 1944 2066 1963 2122; x_wconf 79' lang='lat'>3</span> 
     </span>
    </p>
   </div>
   <div class='ocr_carea' id='block_1_9' title="bbox 532 2158 2249 2306">
    <p class='ocr_par' dir='ltr' id='par_1_9' title="bbox 532 2158 2249 2306">
     <span class='ocr_line' id='line_1_16' title="bbox 532 2158 2249 2233; baseline 0.001 -19"><span class='ocrx_word' id='word_1_81' title='bbox 532 2159 786 2215; x_wconf 86' lang='lat' dir='ltr'><strong>Homini</strong></span> <span class='ocrx_word' id='word_1_82' title='bbox 815 2159 1034 2216; x_wconf 84' lang='lat' dir='ltr'><strong>misero</strong></span> <span class='ocrx_word' id='word_1_83' title='bbox 1069 2159 1210 2233; x_wconf 79' lang='lat' dir='ltr'>plus</span> <span class='ocrx_word' id='word_1_84' title='bbox 1255 2160 1625 2232; x_wconf 78' lang='lat' dir='ltr'><strong>quingentos</strong></span> <span class='ocrx_word' id='word_1_85' title='bbox 1668 2158 1959 2232; x_wconf 79' lang='lat' dir='ltr'><strong>colaphos</strong></span> <span class='ocrx_word' id='word_1_86' title='bbox 1998 2159 2249 2232; x_wconf 81' lang='lat' dir='ltr'><strong>infregit</strong></span> 
     </span>
     <span class='ocr_line' id='line_1_17' title="bbox 1778 2249 1956 2306; baseline 0.011 -2"><span class='ocrx_word' id='word_1_87' title='bbox 1778 2249 1956 2306; x_wconf 83' lang='lat' dir='ltr'><strong>mihi.</strong></span> 
     </span>
    </p>
   </div>
   <div class='ocr_carea' id='block_1_10' title="bbox 289 2353 2403 2710">
    <p class='ocr_par' dir='ltr' id='par_1_10' title="bbox 289 2353 2403 2710">
     <span class='ocr_line' id='line_1_18' title="bbox 289 2353 2247 2428; baseline 0.002 -23"><span class='ocrx_word' id='word_1_88' title='bbox 289 2356 324 2405; x_wconf 92' lang='lat'><strong>5</strong></span> <span class='ocrx_word' id='word_1_89' title='bbox 532 2353 624 2410; x_wconf 85' lang='lat' dir='ltr'><strong>Ob</strong></span> <span class='ocrx_word' id='word_1_90' title='bbox 647 2353 974 2410; x_wconf 79' lang='lat' dir='ltr'><strong>malefacta</strong></span> <span class='ocrx_word' id='word_1_91' title='bbox 997 2354 1144 2410; x_wconf 78' lang='lat' dir='ltr'>haec</span> <span class='ocrx_word' id='word_1_92' title='bbox 1177 2353 1474 2412; x_wconf 84' lang='lat' dir='ltr'><strong>tantidem</strong></span> <span class='ocrx_word' id='word_1_93' title='bbox 1507 2357 1777 2425; x_wconf 80' lang='lat' dir='ltr'>emptam</span> <span class='ocrx_word' id='word_1_94' title='bbox 1807 2353 2082 2428; x_wconf 75' lang='lat' dir='ltr'><strong>postulat</strong></span> <span class='ocrx_word' id='word_1_95' title='bbox 2128 2354 2247 2410; x_wconf 81' lang='lat' dir='ltr'><strong>sihi</strong></span> 
     </span>
     <span class='ocr_line' id='line_1_19' title="bbox 1705 2443 2403 2504; baseline 0.011 -7"><span class='ocrx_word' id='word_1_96' title='bbox 1705 2443 1956 2502; x_wconf 83' lang='lat' dir='ltr'><strong>tradier.</strong></span> <span class='ocrx_word' id='word_1_97' title='bbox 2296 2447 2403 2504; x_wconf 79' lang='lat'><strong>200</strong></span> 
     </span>
     <span class='ocr_line' id='line_1_20' title="bbox 534 2547 2248 2621; baseline 0.001 -17"><span class='ocrx_word' id='word_1_98' title='bbox 534 2548 756 2604; x_wconf 88' lang='lat' dir='ltr'><strong>Verum</strong></span> <span class='ocrx_word' id='word_1_99' title='bbox 786 2547 951 2605; x_wconf 83' lang='lat' dir='ltr'><strong>enim</strong></span> <span class='ocrx_word' id='word_1_100' title='bbox 981 2547 1227 2621; x_wconf 68' lang='lat' dir='ltr'><strong>quzmdo</strong></span> <span class='ocrx_word' id='word_1_101' title='bbox 1268 2548 1423 2603; x_wconf 89' lang='lat' dir='ltr'><strong>bene</strong></span> <span class='ocrx_word' id='word_1_102' title='bbox 1468 2548 1826 2621; x_wconf 81' lang='lat' dir='ltr'><strong>promeruit,</strong></span> <span class='ocrx_word' id='word_1_103' title='bbox 1864 2549 1972 2604; x_wconf 83' lang='lat' dir='ltr'><strong>fiat</strong></span> <span class='ocrx_word' id='word_1_104' title='bbox 1990 2565 2009 2620; x_wconf 79' lang='lat'><em>3</em></span> <span class='ocrx_word' id='word_1_105' title='bbox 2071 2565 2248 2606; x_wconf 81' lang='lat' dir='ltr'><strong>suom</strong></span> 
     </span>
     <span class='ocr_line' id='line_1_21' title="bbox 1523 2637 1957 2710; baseline 0.009 -18"><span class='ocrx_word' id='word_1_106' title='bbox 1523 2637 1627 2708; x_wconf 77' lang='lat' dir='ltr'><strong>Jus</strong></span> <span class='ocrx_word' id='word_1_107' title='bbox 1658 2637 1957 2710; x_wconf 77' lang='lat' dir='ltr'><strong>postulat.</strong></span> 
     </span>
    </p>
   </div>
   <div class='ocr_carea' id='block_1_11' title="bbox 531 2749 2237 2914">
    <p class='ocr_par' dir='ltr' id='par_1_11' title="bbox 531 2749 2237 2914">
     <span class='ocr_line' id='line_1_22' title="bbox 531 2749 2237 2824; baseline 0.002 -20"><span class='ocrx_word' id='word_1_108' title='bbox 531 2749 659 2820; x_wconf 84' lang='lat' dir='ltr'><strong>Age</strong></span> <span class='ocrx_word' id='word_1_109' title='bbox 684 2750 813 2822; x_wconf 83' lang='lat' dir='ltr'><strong>jam</strong></span> <span class='ocrx_word' id='word_1_110' title='bbox 857 2751 1056 2823; x_wconf 84' lang='lat' dir='ltr'><strong>cupiO,</strong></span> <span class='ocrx_word' id='word_1_111' title='bbox 1099 2753 1152 2808; x_wconf 83' lang='lat' dir='ltr'><strong>si</strong></span> <span class='ocrx_word' id='word_1_112' title='bbox 1200 2752 1379 2809; x_wconf 87' lang='lat' dir='ltr'><strong>modo</strong></span> <span class='ocrx_word' id='word_1_113' title='bbox 1427 2756 1753 2824; x_wconf 78' lang='lat' dir='ltr'><strong>argentum</strong></span> <span class='ocrx_word' id='word_1_114' title='bbox 1798 2751 2037 2810; x_wconf 67' lang='lat' dir='ltr'><strong>reddat.</strong></span> <span class='ocrx_word' id='word_1_115' title='bbox 2121 2753 2237 2809; x_wconf 81' lang='lat' dir='ltr'><strong>Sed</strong></span> 
     </span>
     <span class='ocr_line' id='line_1_23' title="bbox 537 2840 1959 2914; baseline 0 -16"><span class='ocrx_word' id='word_1_116' title='bbox 537 2847 542 2854; x_wconf 81' lang='lat'><em>&#39;</em></span> <span class='ocrx_word' id='word_1_117' title='bbox 1363 2857 1472 2914; x_wconf 82' lang='lat' dir='ltr'><strong>ego</strong></span> <span class='ocrx_word' id='word_1_118' title='bbox 1501 2843 1615 2897; x_wconf 82' lang='lat' dir='ltr'><strong>hoo</strong></span> <span class='ocrx_word' id='word_1_119' title='bbox 1647 2840 1917 2898; x_wconf 84' lang='lat' dir='ltr'><strong>hariolor</strong></span> <span class='ocrx_word' id='word_1_120' title='bbox 1946 2857 1959 2898; x_wconf 91' lang='lat'><strong>:</strong></span> 
     </span>
    </p>
   </div>
   <div class='ocr_carea' id='block_1_12' title="bbox 533 2950 2010 3020">
    <p class='ocr_par' dir='ltr' id='par_1_12' title="bbox 533 2950 2010 3020">
     <span class='ocr_line' id='line_1_24' title="bbox 533 2950 2010 3020; baseline -0.001 -13"><span class='ocrx_word' id='word_1_121' title='bbox 533 2951 648 3007; x_wconf 91' lang='lat' dir='ltr'><strong>Vbi</strong></span> <span class='ocrx_word' id='word_1_122' title='bbox 675 2967 772 3008; x_wconf 90' lang='lat' dir='ltr'><strong>me</strong></span> <span class='ocrx_word' id='word_1_123' title='bbox 802 2951 1011 3007; x_wconf 83' lang='lat' dir='ltr'><strong>dixero</strong></span> <span class='ocrx_word' id='word_1_124' title='bbox 1043 2951 1186 3008; x_wconf 81' lang='lat' dir='ltr'><strong>dare</strong></span> <span class='ocrx_word' id='word_1_125' title='bbox 1218 2952 1395 3020; x_wconf 78' lang='lat' dir='ltr'><strong>tanti,</strong></span> <span class='ocrx_word' id='word_1_126' title='bbox 1428 2952 1605 3008; x_wconf 74' lang='lat' dir='ltr'><strong>testis</strong></span> <span class='ocrx_word' id='word_1_127' title='bbox 1627 2952 1809 3007; x_wconf 77' lang='lat' dir='ltr'><strong>faciet</strong></span> <span class='ocrx_word' id='word_1_128' title='bbox 1846 2950 2010 3017; x_wconf 78' lang='lat' dir='ltr'><strong>ilico,</strong></span> 
     </span>
    </p>
   </div>
   <div class='ocr_carea' id='block_1_13' title="bbox 257 3059 2410 3418">
    <p class='ocr_par' dir='ltr' id='par_1_13' title="bbox 257 3059 2410 3418">
     <span class='ocr_line' id='line_1_25' title="bbox 531 3059 2244 3134; baseline -0.001 -17"><span class='ocrx_word' id='word_1_129' title='bbox 531 3059 890 3130; x_wconf 74' lang='lat' dir='ltr'><strong>Vendidisse</strong></span> <span class='ocrx_word' id='word_1_130' title='bbox 920 3077 1036 3130; x_wconf 83' lang='lat' dir='ltr'><strong>me,</strong></span> <span class='ocrx_word' id='word_1_131' title='bbox 1068 3061 1141 3118; x_wconf 85' lang='lat' dir='ltr'><strong>de</strong></span> <span class='ocrx_word' id='word_1_132' title='bbox 1172 3063 1424 3134; x_wconf 80' lang='lat' dir='ltr'><strong>argento</strong></span> <span class='ocrx_word' id='word_1_133' title='bbox 1445 3061 1755 3118; x_wconf 76' lang='lat' dir='ltr'><strong>somnium</strong></span> <span class='ocrx_word' id='word_1_134' title='bbox 1782 3077 1794 3119; x_wconf 90' lang='lat'>:</span> <span class='ocrx_word' id='word_1_135' title='bbox 1857 3064 2018 3116; x_wconf 80' lang='lat' dir='ltr'><strong>‘mox</strong></span> <span class='ocrx_word' id='word_1_136' title='bbox 2044 3077 2061 3130; x_wconf 77' lang='lat'>3</span> <span class='ocrx_word' id='word_1_137' title='bbox 2112 3077 2244 3117; x_wconf 74' lang='lat' dir='ltr'><strong>cras</strong></span> 
     </span>
     <span class='ocr_line' id='line_1_26' title="bbox 743 3135 1967 3207; baseline 0 0"><span class='ocrx_word' id='word_1_138' title='bbox 743 3135 748 3146; x_wconf 49' lang='lat'>⁸</span> <span class='ocrx_word' id='word_1_139' title='bbox 1291 3166 1293 3169; x_wconf 85' lang='lat'>·</span> <span class='ocrx_word' id='word_1_140' title='bbox 1800 3150 1967 3207; x_wconf 86' lang='lat' dir='ltr'><strong>redi&#39;.</strong></span> 
     </span>
     <span class='ocr_line' id='line_1_27' title="bbox 257 3253 2245 3340; baseline 0.004 -34"><span class='ocrx_word' id='word_1_141' title='bbox 257 3257 321 3307; x_wconf 88' lang='lat'><strong>10</strong></span> <span class='ocrx_word' id='word_1_142' title='bbox 533 3253 602 3312; x_wconf 86' lang='lat' dir='ltr'><strong>Id</strong></span> <span class='ocrx_word' id='word_1_143' title='bbox 632 3270 876 3328; x_wconf 88' lang='lat' dir='ltr'><strong>quoque</strong></span> <span class='ocrx_word' id='word_1_144' title='bbox 905 3255 1358 3340; x_wconf 36' lang='lat' dir='ltr'><strong>possum-ferre,</strong></span> <span class='ocrx_word' id='word_1_145' title='bbox 1409 3255 1462 3311; x_wconf 85' lang='lat' dir='ltr'><strong>si</strong></span> <span class='ocrx_word' id='word_1_146' title='bbox 1503 3255 1683 3315; x_wconf 90' lang='lat' dir='ltr'><strong>modo</strong></span> <span class='ocrx_word' id='word_1_147' title='bbox 1734 3256 1969 3325; x_wconf 79' lang='lat' dir='ltr'><strong>reddat,</strong></span> <span class='ocrx_word' id='word_1_148' title='bbox 2022 3273 2245 3329; x_wconf 77' lang='lat' dir='ltr'><strong>quam-</strong></span> 
     </span>
     <span class='ocr_line' id='line_1_28' title="bbox 1286 3346 2410 3418; baseline 0.002 -18"><span class='ocrx_word' id='word_1_149' title='bbox 1286 3361 1473 3418; x_wconf 83' lang='lat' dir='ltr'><strong>quam</strong></span> <span class='ocrx_word' id='word_1_150' title='bbox 1500 3346 1801 3418; x_wconf 87' lang='lat' dir='ltr'><strong>injurium</strong></span> <span class='ocrx_word' id='word_1_151' title='bbox 1832 3351 1947 3406; x_wconf 82' lang='lat' dir='ltr'><strong>est.</strong></span> <span class='ocrx_word' id='word_1_152' title='bbox 2302 3352 2410 3411; x_wconf 71' lang='lat'><strong>205</strong></span> 
     </span>
    </p>
   </div>
   <div class='ocr_carea' id='block_1_14' title="bbox 534 3449 2253 3616">
    <p class='ocr_par' dir='ltr' id='par_1_14' title="bbox 534 3449 2253 3616">
     <span class='ocr_line' id='line_1_29' title="bbox 534 3449 2253 3527; baseline 0.002 -19"><span class='ocrx_word' id='word_1_153' title='bbox 534 3452 757 3508; x_wconf 84' lang='lat' dir='ltr'><strong>Verum</strong></span> <span class='ocrx_word' id='word_1_154' title='bbox 783 3450 981 3522; x_wconf 80' lang='lat' dir='ltr'><strong>cogito</strong></span> <span class='ocrx_word' id='word_1_155' title='bbox 1017 3449 1274 3522; x_wconf 83' lang='lat' dir='ltr'><strong>id.quod</strong></span> <span class='ocrx_word' id='word_1_156' title='bbox 1312 3465 1408 3506; x_wconf 83' lang='lat' dir='ltr'><strong>res</strong></span> <span class='ocrx_word' id='word_1_157' title='bbox 1445 3453 1577 3506; x_wconf 81' lang='lat' dir='ltr'><strong>est:</strong></span> <span class='ocrx_word' id='word_1_158' title='bbox 1612 3451 1858 3523; x_wconf 83' lang='lat' dir='ltr'><strong>quando</strong></span> <span class='ocrx_word' id='word_1_159' title='bbox 1888 3469 2027 3508; x_wconf 90' lang='lat' dir='ltr'><strong>eum</strong></span> <span class='ocrx_word' id='word_1_160' title='bbox 2058 3471 2253 3527; x_wconf 84' lang='lat' dir='ltr'>quae-</span> 
     </span>
     <span class='ocr_line' id='line_1_30' title="bbox 1431 3540 1968 3616; baseline 0.011 -22"><span class='ocrx_word' id='word_1_161' title='bbox 1431 3543 1598 3595; x_wconf 75' lang='lat' dir='ltr'><strong>stum</strong></span> <span class='ocrx_word' id='word_1_162' title='bbox 1626 3540 1693 3596; x_wconf 91' lang='lat' dir='ltr'><strong>in</strong></span> <span class='ocrx_word' id='word_1_163' title='bbox 1721 3543 1968 3616; x_wconf 75' lang='lat' dir='ltr'><strong>ceperiS,</strong></span> 
     </span>
    </p>
   </div>
   <div class='ocr_carea' id='block_1_15' title="bbox 532 3636 2249 3840">
    <p class='ocr_par' dir='ltr' id='par_1_15' title="bbox 532 3636 2249 3840">
     <span class='ocr_line' id='line_1_31' title="bbox 532 3636 2247 3731; baseline 0.004 -25"><span class='ocrx_word' id='word_1_164' title='bbox 532 3649 909 3731; x_wconf 67' lang='lat' dir='ltr'><strong>Accipinnda</strong></span> <span class='ocrx_word' id='word_1_165' title='bbox 921 3652 981 3706; x_wconf 92' lang='lat' dir='ltr'><strong>et</strong></span> <span class='ocrx_word' id='word_1_166' title='bbox 993 3649 1377 3706; x_wconf 78' lang='lat' dir='ltr'><strong>mussitanda</strong></span> <span class='ocrx_word' id='word_1_167' title='bbox 1392 3649 1479 3722; x_wconf 91' lang='lat' dir='ltr'><strong>inj</strong></span> <span class='ocrx_word' id='word_1_168' title='bbox 1489 3636 1625 3706; x_wconf 70' lang='lat' dir='ltr'><strong>{iria</strong></span> <span class='ocrx_word' id='word_1_169' title='bbox 1636 3650 2121 3711; x_wconf 82' lang='lat' dir='ltr'><strong>adulescentium</strong></span> <span class='ocrx_word' id='word_1_170' title='bbox 2134 3659 2247 3713; x_wconf 75' lang='lat' dir='ltr'><strong>est.</strong></span> 
     </span>
     <span class='ocr_line' id='line_1_32' title="bbox 532 3758 2249 3840; baseline 0.002 -23"><span class='ocrx_word' id='word_1_171' title='bbox 532 3760 650 3817; x_wconf 86' lang='lat' dir='ltr'><strong>Sed</strong></span> <span class='ocrx_word' id='word_1_172' title='bbox 678 3775 858 3817; x_wconf 90' lang='lat' dir='ltr'><strong>nemo</strong></span> <span class='ocrx_word' id='word_1_173' title='bbox 885 3759 1058 3817; x_wconf 82' lang='lat' dir='ltr'><strong>dabit</strong></span> <span class='ocrx_word' id='word_1_174' title='bbox 1081 3774 1099 3828; x_wconf 78' lang='lat'>3</span> <span class='ocrx_word' id='word_1_175' title='bbox 1133 3758 1365 3814; x_wconf 82' lang='lat' dir='ltr'><strong>frustra</strong></span> <span class='ocrx_word' id='word_1_176' title='bbox 1407 3761 1648 3840; x_wconf 83' lang='lat' dir='ltr'><strong>egomet</strong></span> <span class='ocrx_word' id='word_1_177' title='bbox 1692 3775 1931 3818; x_wconf 87' lang='lat' dir='ltr'><strong>mecum</strong></span> <span class='ocrx_word' id='word_1_178' title='bbox 1981 3761 2094 3818; x_wconf 80' lang='lat' dir='ltr'><strong>has</strong></span> <span class='ocrx_word' id='word_1_179' title='bbox 2142 3780 2249 3820; x_wconf 81' lang='lat' dir='ltr'><strong>ra·-</strong></span> 
     </span>
    </p>
   </div>
   <div class='ocr_carea' id='block_1_16' title="bbox 869 3850 1964 4245">
    <p class='ocr_par' dir='ltr' id='par_1_16' title="bbox 869 3850 1964 4245">
     <span class='ocr_line' id='line_1_33' title="bbox 1565 3850 1964 3923; baseline 0.008 -19"><span class='ocrx_word' id='word_1_180' title='bbox 1565 3850 1762 3906; x_wconf 86' lang='lat' dir='ltr'><strong>tiones</strong></span> <span class='ocrx_word' id='word_1_181' title='bbox 1791 3854 1964 3923; x_wconf 79' lang='lat' dir='ltr'><strong>puto,</strong></span> 
     </span>
     <span class='ocr_line' id='line_1_34' title="bbox 869 4027 1793 4095; baseline 0.001 -7"><span class='ocrx_word' id='word_1_182' title='bbox 869 4027 910 4088; x_wconf 87' lang='lat' dir='ltr'>S</span> <span class='ocrx_word' id='word_1_183' title='bbox 939 4045 976 4087; x_wconf 84' lang='lat' dir='ltr'><strong>Y</strong></span> <span class='ocrx_word' id='word_1_184' title='bbox 1007 4045 1047 4088; x_wconf 81' lang='lat' dir='ltr'><strong>R</strong></span> <span class='ocrx_word' id='word_1_185' title='bbox 1075 4045 1113 4087; x_wconf 88' lang='lat' dir='ltr'>v</span> <span class='ocrx_word' id='word_1_186' title='bbox 1143 4044 1176 4086; x_wconf 79' lang='lat' dir='ltr'>s</span> <span class='ocrx_word' id='word_1_187' title='bbox 1267 4029 1278 4042; x_wconf 88' lang='lat'><em>‘</em></span> <span class='ocrx_word' id='word_1_188' title='bbox 1467 4027 1508 4095; x_wconf 86' lang='lat' dir='ltr'>S</span> <span class='ocrx_word' id='word_1_189' title='bbox 1528 4043 1568 4086; x_wconf 80' lang='lat' dir='ltr'>A</span> <span class='ocrx_word' id='word_1_190' title='bbox 1589 4043 1629 4086; x_wconf 78' lang='lat' dir='ltr'>N</span> <span class='ocrx_word' id='word_1_191' title='bbox 1652 4045 1691 4088; x_wconf 73' lang='lat' dir='ltr'>N</span> <span class='ocrx_word' id='word_1_192' title='bbox 1715 4047 1733 4089; x_wconf 89' lang='lat'>1</span> <span class='ocrx_word' id='word_1_193' title='bbox 1758 4047 1793 4089; x_wconf 93' lang='lat' dir='ltr'><strong>o</strong></span> 
     </span>
     <span class='ocr_line' id='line_1_35' title="bbox 903 4162 1721 4245; baseline 0.004 -25"><span class='ocrx_word' id='word_1_194' title='bbox 903 4162 1144 4221; x_wconf 68' lang='lat' dir='ltr'><strong>szvos</strong></span> <span class='ocrx_word' id='word_1_195' title='bbox 1199 4205 1210 4245; x_wconf 62' lang='lat'>3</span> <span class='ocrx_word' id='word_1_196' title='bbox 1549 4163 1721 4223; x_wconf 74' lang='lat' dir='ltr'><strong>LssNo</strong></span> 
     </span>
    </p>
   </div>
   <div class='ocr_carea' id='block_1_17' title="bbox 232 4303 2251 4469">
    <p class='ocr_par' dir='ltr' id='par_1_17' title="bbox 232 4303 2251 4469">
     <span class='ocr_line' id='line_1_36' title="bbox 232 4303 2251 4382; baseline 0.001 -19"><span class='ocrx_word' id='word_1_197' title='bbox 232 4303 355 4374; x_wconf 67' lang='lat' dir='ltr'><strong>lm</strong></span> <span class='ocrx_word' id='word_1_198' title='bbox 387 4305 494 4363; x_wconf 67' lang='grc' dir='ltr'><strong>ΞΥ.</strong></span> <span class='ocrx_word' id='word_1_199' title='bbox 529 4305 681 4360; x_wconf 81' lang='lat' dir='ltr'><strong>Tace</strong></span> <span class='ocrx_word' id='word_1_200' title='bbox 724 4305 984 4374; x_wconf 81' lang='lat' dir='ltr'><strong>egomet,</strong></span> <span class='ocrx_word' id='word_1_201' title='bbox 1028 4305 1391 4362; x_wconf 81' lang='lat' dir='ltr'><strong>conveniam</strong></span> <span class='ocrx_word' id='word_1_202' title='bbox 1439 4307 1677 4378; x_wconf 79' lang='lat' dir='ltr'><strong>ipsum3</strong></span> <span class='ocrx_word' id='word_1_203' title='bbox 1728 4309 1946 4382; x_wconf 80' lang='lat' dir='ltr'><strong>cupide</strong></span> <span class='ocrx_word' id='word_1_204' title='bbox 1992 4310 2251 4382; x_wconf 76' lang='lat' dir='ltr'><strong>accipiat</strong></span> 
     </span>
     <span class='ocr_line' id='line_1_37' title="bbox 1395 4396 1971 4469; baseline 0.007 -19"><span class='ocrx_word' id='word_1_205' title='bbox 1395 4396 1540 4452; x_wconf 82' lang='lat' dir='ltr'><strong>faxo</strong></span> <span class='ocrx_word' id='word_1_206' title='bbox 1572 4400 1757 4469; x_wconf 82' lang='lat' dir='ltr'><strong>atque</strong></span> <span class='ocrx_word' id='word_1_207' title='bbox 1788 4398 1971 4454; x_wconf 84' lang='lat' dir='ltr'><strong>etiam</strong></span> 
     </span>
    </p>
   </div>
  </div>
 </body>
</html>
