3125 4984
623 405 1036 474 ing7-w

650 983 711 1035 10

645 1977 708 2028 15

635 2953 702 3006 20

1509 335 1589 346 -
1632 317 1801 362 xxxii
1852 334 1932 345 -··

1168 563 1447 641 Suspicio
1477 564 1550 620 de
1582 579 1679 621 me
1706 562 1963 635 incidit3

1081 657 1088 664 ’
1167 673 1380 746 Neque
1408 688 1480 729 ea
1505 672 1790 729 inmerito
1824 688 1837 729 :
1867 670 2144 736 Sostrata
2240 713 2249 718 .

911 781 1120 839 Credit
1149 782 1304 840 mihi
1343 798 1442 839 me
1491 781 1817 857 psaltriam
1851 782 2013 838 hanc
2061 782 2279 839 emisse
2297 798 2314 852 3
2360 782 2426 839 id
2478 765 2635 842 a'nus

1669 872 1824 928 mihi
1850 871 2148 929 indicium
2175 871 2346 930 fecit.

849 1055 860 1062 ·
915 981 1079 1038 Nam
1133 985 1204 1038 ut
1259 981 1404 1037 hinc
1453 980 1612 1037 forte
1679 981 1758 1037 ad
1800 981 2189 1038 obstetricem
2228 984 2360 1039 erat
2415 984 2627 1053 missa,

1733 1070 1843 1126 ubi
1864 1086 2000 1128 eam
2028 1071 2177 1141 vidi,
2206 1071 2347 1130 ilico

910 1174 1169 1256 Accedo,
1237 1175 1433 1248 rogito
1484 1175 1812 1249 Pamphila
1856 1176 2008 1249 quid
2052 1179 2217 1250 agat,
2242 1177 2375 1249 jam
2403 1184 2629 1253 partun

1011 1326 1018 1331 .
2130 1265 2346 1337 adsiet,

908 1371 1043 1428 Eon
1096 1371 1487 1429 obstetricem
1555 1374 1855 1428 accersat.
1915 1369 2033 1427 Illa
2080 1371 2387 1429 exclamat
2418 1375 2435 1404 ‘
2500 1373 2628 1442 abi,

1676 1461 1780 1518 abi
1815 1461 1966 1536 jam,
1996 1460 2297 1519 Aeschine
2330 1463 2342 1518 1

910 1573 1073 1629 Satis
1104 1574 1211 1630 diu
1241 1573 1465 1630 dedisti
1492 1572 1683 1630 verba
1700 1587 1723 1645 3
1754 1575 1851 1630 sat
1879 1571 2081 1629 adhuc
2113 1576 2221 1629 tua
2251 1589 2365 1630 nos
2394 1573 2631 1630 frusta-

1943 1666 2007 1719 ta
2031 1665 2124 1720 est
2139 1662 2345 1720 fides!

916 1774 933 1801 ⁴
967 1771 1149 1841 Hem,
1188 1770 1339 1843 quid
1378 1771 1562 1840 istuc,
1604 1769 1901 1837 obsecro',
1944 1769 2222 1843 inquam,
2273 1772 2289 1800 ‘
2321 1773 2413 1826 est
2430 1769 2483 1826 ‘i’
2530 1787 2630 1828 va·

1245 1860 1398 1929 leaS‚
1436 1861 1669 1917 habeas
1697 1859 1871 1916 illam
1900 1875 2056 1934 quae
2083 1858 2308 1933 placet.
2328 1859 2344 1885 '

907 1968 1087 2026 Sensi
1126 1967 1268 2025 ilico
1305 1967 1370 2023 id
1421 1967 1564 2023 illas
1609 1965 1930 2040 suspicari,
1980 1964 2086 2022 sed
2133 1981 2231 2021 me
2273 1964 2631 2039 reprehendi

2116 2058 2343 2124 tamen,

905 2163 1149 2236 Nequid
1191 2164 1264 2220 de
1317 2165 1506 2221 fratre
1557 2163 1840 2236 garrulae
1884 2162 1979 2219 illi
2020 2162 2283 2219 dicerem
2338 2179 2408 2219 ac
2460 2164 2630 2221 fieret

2096 2252 2336 2327 palam.

910 2358 1091 2414 Nunc
1133 2357 1282 2429 quid
1339 2357 1564 2414 faciam
1594 2356 1623 2414 ἳ
1722 2357 1939 2414 Dicam
1988 2356 2197 2413 fratris
2244 2373 2375 2414 esse
2415 2357 2626 2416 hanc?

1582 2446 1758 2513 Quod
1786 2446 2060 2502 minume
2071 2449 2163 2502 est
2187 2461 2341 2521 opus

911 2554 1188 2629 Vsquam
1219 2555 1418 2612 efferri
1431 2587 1450 2612 ,ι
1481 2557 1632 2628 Age,
1654 2556 1833 2611 mitto
1853 2571 1866 2610 :
1896 2554 2028 2610 fieri
2045 2554 2209 2626 potis
2228 2555 2321 2611 est
2340 2558 2409 2611 ut
2423 2570 2625 2628 nequa

2131 2646 2335 2701 exeat:

908 2751 1123 2826 Ipsum
1152 2753 1216 2809 id
1250 2758 1458 2812 metuo
1505 2759 1577 2811 ut
1632 2755 1915 2820 credant;
1947 2758 2039 2812 tot
2081 2758 2451 2812 concurrunt
2495 2754 2623 2812 veri

2074 2844 2340 2904 similia:

901 2948 1164 3021 Egomet
1209 2949 1385 3023 rapui
1405 2966 1426 3022 ;
1458 2949 1593 3024 ipse
1640 2953 1879 3022 egomet
1931 2949 2091 3007 solvi
2134 2952 2457 3022 argentum
2476 2963 2495 3022 ;
2543 2949 2623 3007 ad

1505 3054 1606 3096 me
1638 3039 1907 3097 abducta
1928 3043 2021 3096 est
2049 3039 2327 3098 domum.

903 3150 1073 3209 Haec
1100 3152 1252 3210 adeo
1281 3170 1418 3211 mea
1460 3155 1641 3228 culpa
1680 3154 1877 3211 fateor
1916 3155 2073 3212 fieri.
2154 3155 2293 3212 Non
2333 3169 2432 3212 me
2458 3153 2617 3211 hanc

1992 3259 2120 3300 rem
2149 3243 2332 3316 patri,

910 3343 992 3400 Vt
1019 3346 1091 3399 ut
1117 3347 1248 3400 erat
1276 3348 1468 3416 gesta,
1522 3345 1865 3403 indicasset
1940 3346 2308 3402 Exorassem
2355 3349 2427 3402 ut
2481 3362 2615 3404 eam

2021 3432 2329 3493 ducerem.

913 3540 1236 3598 Cessatum
1263 3558 1458 3615 usque
1488 3543 1691 3599 adhuc
1718 3548 1845 3601 est:
1877 3559 2043 3602 nunc
2066 3560 2268 3619 porro,
2297 3545 2615 3616 Aeschine,

1884 3635 2298 3709 expergiscere
2321 3635 2335 3693 1

897 3733 1080 3791 Nunc
1108 3731 1223 3791 hoc
1253 3735 1523 3808 primum
1540 3738 1635 3792 est
1658 3749 1672 3793 ε
1701 3736 1779 3792 ad
1796 3737 1941 3794 ilias
1962 3738 2087 3808 ibe,
2109 3742 2181 3794 ut
2205 3753 2464 3812 purgem
2487 3753 2610 3799 me.

1708 3826 2014 3883 Accedam
2042 3825 2122 3882 ad
2148 3826 2325 3886 forie.

910 3929 1071 3987 Perii
1079 3944 1099 4003 3
1129 3928 1412 3990 horresco
1443 3950 1700 4009 semper,
1733 3934 1842 3990 ubi
1880 3934 2122 4009 pultare
2167 3934 2349 3993 hasce
2389 3937 2617 4012 occipio

2077 4041 2289 4084 miser.

893 4128 1064 4186 Heus
1099 4130 1285 4188 heus:
1319 4133 1687 4203 ⁸Aeschinus
1716 4149 1827 4205 ego
1856 4149 2019 4191 sum.
2102 4133 2350 4207 Aperite
2392 4133 2617 4206 aliquis

1748 4225 2029 4281 actutum
2068 4223 2323 4282 ostium.

889 4323 1102 4381 Prodit
1133 4325 1337 4382 nescio
1369 4327 1510 4399 quis
1535 4343 1546 4382 z
1584 4325 1911 4383 concedam
1942 4326 2086 4385 huoi

2399 388 2679 457 *cffi—

2704 405 2809 458 6:35

2695 545 2815 622 &5

2680 2443 2793 2500 625
