3125 4984
562 331 1018 401 1v,1o‚18-·-52
1497 385 1501 390 ,
1602 268 1679 311 XL
2414 320 2725 375 804—838

845 463 1375 521 Communia'esse
1406 462 1743 518 amicorum
1764 460 1926 517 inter
1954 476 2018 517 se
2047 459 2279 516 omnia.

704 574 826 630 DE.
862 573 1083 629 Facete
1111 572 1123 628 1
1156 572 1338 628 Nunc
1368 571 1617 628 demum
1647 572 1839 627 istaec
1867 574 2015 627 nata
2043 571 2237 627 oratio
2264 572 2380 626 est.
2615 562 2725 618 805

585 680 651 731 20
704 680 821 737 M1.
857 665 1157 736 Ausculta
1182 681 1416 754 paucis,
1448 679 1572 736 nisi
1604 679 1932 736 molestum
1960 682 2072 747 est,
2096 672 2348 736 Demea.

848 757 1176 869 Principio,
1201 786 1252 841 si
1290 786 1354 843 id
1386 788 1444 842 te
1474 785 1735 854 mordet,
1768 789 2084 861 sumptum
2107 786 2220 842 filii

849 892 1043 958 Quem
1071 888 1330 962 faciunt,
1364 908 1594 967 quaeso
1620 894 1735 950 hoc
1764 893 1950 950 facito
1984 897 2184 951 tecum
2212 894 2436 967 cogites
2460 908 2476 953 τ

853 1000 946 1056 Tu
977 1000 1116 1058 illos
1148 1000 1270 1056 duo
1299 1000 1448 1057 olim
1479 1017 1590 1074 pro
1622 1018 1685 1059 re
1714 1002 1976 1059 tollebas
2015 1006 2141 1073 tua,

850 1109 1028 1176 Quod
1056 1111 1207 1167 satis
1243 1112 1512 1185 putabas
1545 1115 1655 1168 tua
1683 1112 1846 1169 bona
1876 1113 2180 1170 ambobus
2209 1112 2357 1177 fore,
2620 1106 2726 1164 810

592 1231 658 1281 25
856 1218 938 1276 Et
966 1236 1062 1277 me
1095 1223 1227 1276 tum
1258 1236 1516 1277 uxorem
1544 1221 1858 1278 credidisti
1889 1221 2119 1277 scilicet

858 1327 1233 1385 Ducturum.
1317 1328 1597 1385 Eandem
1650 1330 1824 1386 illam
1889 1331 2189 1386 rationem
2253 1330 2572 1403 antiquam

2043 1418 2286 1476 obtine:

860 1521 1192 1593 Conserva,
1225 1536 1470 1593 quaere,
1501 1537 1702 1594 parce,
1736 1523 1834 1579 fac
1864 1538 2050 1595 quam
2077 1522 2433 1596 plurumum

859 1623 992 1681 Illis
1022 1624 1333 1697 relinquas
1354 1642 1372 1696 3
1406 1625 1665 1699 gloriam
1695 1630 1761 1682 tu
1789 1628 1991 1684 istanc
2021 1628 2159 1686 tibi.

859 1727 1018 1794 Mea,
1052 1744 1208 1802 quae
1236 1732 1478 1802 praeter
1508 1746 1680 1803 spem
1706 1746 1981 1801 evenere,
2012 1735 2271 1788 utantur
2295 1732 2446 1789 sine.
2626 1720 2732 1777 815

601 1843 664 1893 30
861 1833 950 1889 De
981 1850 1225 1890 summa
1256 1834 1345 1890 nil
1378 1836 1628 1891 decedet
1654 1850 1674 1905 3
1705 1836 1871 1907 quod
1899 1836 2043 1892 hinc
2068 1838 2405 1906 accesserit,

857 1938 926 1995 Id
956 1940 1030 1998 de
1058 1941 1229 1998 lucro
1258 1944 1476 2013 putato
1503 1956 1636 1996 esse
1670 1957 1877 1999 omne.
1961 1942 2127 1997 Haec
2155 1943 2207 1997 si
2236 1941 2403 1999 voles

863 2046 938 2102 In
967 2048 1175 2103 animo
1206 2063 1347 2104 vere
1373 2048 1661 2120 cogitare,
1691 2049 1944 2119 Demea,

861 2152 940 2208 Et
968 2153 1055 2208 mi
1085 2157 1144 2210 et
1176 2153 1287 2210 tihi
1317 2158 1377 2210 et
1405 2138 1531 2210 illis
1562 2154 1899 2229 dempseris
1930 2156 2305 2218 molestiam.

722 2259 840 2317 DE.
873 2259 1051 2316 Mitto
1073 2274 1238 2316 rem:
1271 2261 1779 2317 consuetudinem
1803 2261 2195 2320 amborum...
2226 2263 2336 2322 Mt.
2358 2264 2574 2323 Mane:
2631 2256 2740 2314 820

606 2383 670 2434 35
867 2370 1002 2426 Scio
1024 2384 1040 2440 3
1070 2369 1230 2426 istuc
1257 2370 1449 2428 ibam.
1532 2370 1733 2427 Multa
1759 2372 1823 2427 in
1851 2372 2119 2443 homine,
2153 2373 2401 2445 Demea,

862 2481 1051 2554 Signa
1079 2482 1316 2552 insunt,
1350 2500 1424 2539 ex
1455 2484 1684 2558 quihus
1714 2484 2064 2557 conjectura
2093 2486 2271 2546 facile
2299 2488 2389 2555 fit,

868 2589 1007 2646 Duo
1039 2598 1226 2663 quom
1255 2592 1417 2648 idem
1447 2593 1706 2661 faciunt,
1740 2609 1919 2668 saepe
1958 2597 2028 2650 ut
2055 2595 2255 2668 possis
2283 2594 2477 2651 dicere

871 2698 1019 2757 ‘Hoc
1045 2701 1188 2758 licet
1215 2703 1447 2777 inpune
1475 2704 1674 2759 facere
1704 2703 1868 2773 huic,
1900 2703 1993 2760 illi
2020 2719 2145 2761 non
2175 2706 2357 2775 licet',

865 2802 1005 2858 Non
1035 2817 1157 2874 quo
1178 2801 1498 2858 dissimilis
1529 2818 1624 2859 res
1656 2804 1757 2871 sit,
1790 2803 1896 2859 sed
1927 2820 2049 2876 quo
2075 2806 2128 2861 is
2158 2805 2266 2877 qui
2294 2805 2468 2864 facit.
2635 2798 2745 2856 825

607 2920 672 2971 40
869 2907 1037 2973 Quae
1066 2922 1176 2977 ego
1207 2907 1407 2963 inesse
1439 2908 1505 2962 in
1533 2905 1659 2963 illis
1685 2907 1887 2979 video,
1917 2911 1989 2963 ut
2014 2908 2318 2964 confidam
2350 2910 2479 2967 fore

868 3012 964 3069 Ita
995 3014 1068 3068 ut
1090 3012 1406 3071 volumus,
1491 3011 1681 3069 Video
1718 3028 1822 3069 eos
1853 3027 2087 3087 sapere,
2119 3012 2491 3086 intellegere,
2519 3014 2586 3071 in

2172 3102 2305 3158 loco

859 3209 1087 3277 Vereri,
1117 3207 1281 3263 inter
1310 3223 1372 3263 se
1404 3223 1638 3266 amare.
1720 3207 1903 3264 Sciris
1934 3207 2198 3264 liberum

868 3315 1194 3387 Ingenium
1219 3317 1404 3386 atque
1432 3315 1713 3370 animum
1740 3325 1753 3372 ἐ
1793 3330 1915 3387 quo
1945 3315 2037 3371 vis
2064 3313 2207 3371 illos
2237 3316 2307 3370 tu
2335 3313 2430 3371 die

870 3419 1217 3477 Redducas.
1274 3416 1358 3474 At
1401 3419 1563 3474 enim
1608 3420 1868 3488 metuas,
1920 3434 1996 3475 ne
2027 3418 2105 3474 ab
2136 3434 2198 3476 re
2230 3418 2355 3474 sint
2384 3423 2587 3476 tamen
2644 3409 2754 3468 830

607 3533 671 3583 45
867 3523 1233 3581 Omissiores
1261 3522 1468 3595 pau10.
1546 3523 1596 3579 Ο
1622 3527 1831 3580 noster
1859 3523 2109 3592 Demea,

867 3624 965 3683 Ad
994 3626 1202 3683 omnia
1231 3625 1354 3681 alia
1384 3629 1584 3682 aetate
1616 3628 1893 3702 sapimus
1932 3628 2157 3684 rectius
2178 3642 2198 3699 3

867 3732 1080 3791 Solum
1104 3750 1298 3790 unum
1316 3733 1430 3790 hoc
1446 3734 1669 3790 vitium
1687 3735 1887 3790 adfert
1903 3737 2184 3791 senectus
2200 3734 2587 3792 hominibus:

866 3842 1259 3900 Adtentiores
1306 3857 1522 3897 sumus
1553 3841 1633 3896 ad
1678 3858 1808 3897 rem
1839 3858 2074 3910 omnes,
2104 3858 2293 3914 quam
2325 3846 2421 3898 sat
2449 3844 2541 3899 est
2568 3858 2587 3913 3

870 3949 1045 4016 Quod
1070 3948 1210 4005 illos
1240 3950 1336 4004 sat
1365 3951 1540 4004 aetas
1569 3952 1768 4004 acuet.
1844 3949 1960 4005 DE.
1993 3949 2084 4005 Ne
2115 3949 2379 4006 nimium
2410 3949 2591 4006 modo
2646 3946 2763 4005 835

604 4062 667 4113 50
865 4051 1072 4107 Bonae
1105 4054 1248 4107 tuae
1276 4050 1432 4106 istae
1464 4065 1579 4106 nos
1609 4050 1898 4119 rationes,
1934 4052 2138 4121 Micio,

856 4159 935 4215 Et
968 4161 1102 4214 tuos
1131 4157 1248 4215 iste
1279 4157 1526 4214 animus
1556 4172 1786 4231 aequos
1818 4158 2162 4218 subvortat.
2241 4158 2353 4217 Mt.
2386 4158 2584 4231 Tace;

852 4257 991 4317 Non
1019 4255 1142 4316 fiet.
1218 4255 1393 4315 Mitte
1416 4252 1548 4331 jam
1572 4256 1761 4316 istaec
1779 4272 1800 4331 3
1830 4255 1911 4316 da
1940 4261 1999 4316 te
2022 4257 2207 4317 hodie
2243 4257 2404 4317 mihi
2435 4272 2458 4333 3

1289 4943 1302 4944 ἶ
1418 4941 1422 4942 ⁷
1538 4941 1626 4951 77-
1721 4942 1802 4947 -j
1898 4943 1915 4949 -
2060 4943 2073 4944 ἶ
2117 4943 2151 4951 -
2452 4943 2499 4949 —
2585 4942 2677 4949 *—
2739 4944 2759 4946 m
3068 4582 3125 4963 j
