3125 4984
1538 349 1857 415 ...42-

632 501 663 556 6
688 530 762 541 -
800 499 1020 557 Castor
1066 500 1230 572 (voy.
1275 498 1598 571 Chassang
1645 514 1904 571 gramm.
1953 497 2061 555 lat.
2111 514 2291 555 cours
2335 499 2538 573 super.
2595 497 2624 571 ἕ
2669 497 2777 555 372

628 612 887 679 quater,
918 622 980 681 p.
1010 606 1165 679 438).
1197 606 1251 662 Il
1280 622 1355 662 ne
1381 605 1518 662 faut
1547 606 1703 663 donc
1732 622 1845 680 pas
1863 606 2052 663 croire
2098 623 2216 681 que
2260 608 2566 678 equidem
2599 621 2676 661 ne
2719 621 2784 661 se

628 717 972 799 construise
1004 716 1255 790 qu’avec
1286 714 1342 772 le
1364 715 1702 772 nominatis
1722 715 1796 772 de
1825 714 1888 771 la
1911 716 1992 771 1r·
2016 731 2318 790 personne
2342 717 2425 772 du
2451 704 2748 788 singulier
2763 732 2782 785 3

653 842 797 901 voy.
819 825 962 900 plus
990 824 1116 881 loin
1136 824 1243 885 337
1272 827 1363 881 mi
1404 826 1706 896 equidem
1739 839 1869 880 non
1909 827 2150 894 placet,
2197 824 2306 881 899
2343 829 2652 886 occidunt
2682 846 2782 889 me

628 934 932 1003 equidem
954 935 1014 987 et
1033 930 1301 988 d'autres
1322 946 1614 1005 passages
1637 946 1651 997 ;
1693 945 1840 987 avec
1863 929 1925 987 la
1957 931 2212 987 seconde
2250 948 2553 1005 personne
2578 952 2592 992 ε
2634 937 2779 996 Sall.

624 1034 811 1091 Catil.
844 1033 1066 1102 LVIII,
1094 1035 1130 1089 4
1156 1051 1169 1090 :
1196 1037 1393 1091 Scitis
1414 1036 1717 1105 equidem
1741 1050 1758 1105 3
1787 1034 1954 1091 Pers.
1979 1039 2095 1091 sat.
2116 1035 2171 1101 5,
2195 1036 2302 1093 45:
2328 1052 2457 1093 non
2481 1043 2779 1110 equidem

626 1144 740 1199 hoc
770 1144 1045 1200 dubites,

697 1265 902 1324 2⁶⁷0.
960 1268 1377 1324 ADSENTAnm
1430 1267 1655 1339 genitis
1708 1266 1790 1323 du
1844 1267 2128 1338 gerundis
2168 1271 2649 1343 correspondant
2700 1290 2778 1331 au

627 1375 850 1448 genitif
874 1374 947 1431 de
975 1374 1278 1430 l’inflnitif
1299 1374 1641 1431 declinahle
1689 1390 1763 1431 en
1813 1390 1949 1447 grec
1979 1375 2105 1448 (τοῦ
2137 1378 2404 1445 ἐπαινεῖν,
2455 1386 2782 1453 marquant

623 1491 991 1558 l’intention‚
1026 1507 1171 1547 sans
1198 1490 1403 1562 ἕνεκα).
1436 1489 1699 1563 L’usage
1748 1490 1821 1547 de
1847 1507 1912 1547 ce
1955 1491 2192 1563 genitis,
2247 1493 2356 1565 qui
2404 1495 2561 1552 n’est
2608 1497 2778 1570 point

625 1624 758 1665 rare
789 1609 930 1665 chez
961 1607 1169 1664 Tacite
1200 1611 1260 1663 et
1291 1606 1363 1663 de
1394 1621 1506 1662 son
1537 1608 1759 1680 temps,
1791 1605 2205 1681 n'appartient
2231 1624 2344 1681 pas
2374 1609 2410 1664 ὁ.
2439 1609 2501 1665 la
2545 1610 2778 1668 latinite

625 1712 960 1782 ancienne;
993 1711 1038 1767 il
1068 1714 1160 1768 est
1186 1709 1481 1785 probahle
1511 1709 1660 1783 qu’il
1709 1726 1772 1767 se
1805 1715 2124 1767 rencontre
2154 1712 2231 1768 ici
2264 1728 2444 1787 parce
2474 1731 2593 1787 que
2642 1716 2774 1773 Ter.

625 1837 777 1876 aura
808 1820 971 1876 suivi
992 1820 1065 1876 de
1094 1821 1233 1893 pres
1258 1836 1343 1875 nn
1372 1818 1609 1875 modele
1639 1835 1778 1892 grec
1810 1819 2104 1894 (Speng.).

694 1928 903 1985 MAG1s
945 1944 1006 1983 m
1030 1944 1066 1983 a
1086 1931 1166 1999 gi
1187 1944 1241 1983 s.

693 2036 881 2102 QUAM
910 2049 1033 2099 Quo
1071 2033 1365 2107 equivaut
1402 2034 1437 2089 ἐι
1476 2048 1677 2103 quam
1725 2036 1895 2104 quod
1951 2033 2202 2108 (Psich.)
2225 2051 2243 2104 ;
2293 2036 2366 2092 de
2413 2040 2611 2095 meme
2655 2055 2764 2112 que

625 2158 757 2198 non
783 2157 909 2215 quo
939 2142 976 2196 ὰ
1002 2155 1133 2197 non
1162 2143 1353 2212 quod.

695 2251 953 2307 FACERE
982 2265 1125 2321 voy.
1158 2250 1251 2305 77.

698 2375 868 2435 221
892 2422 905 2436 .
938 2378 1233 2435 Nolumus
1286 2393 1326 2433 n
1348 2390 1384 2431 ο
1406 2393 1436 2432 1·
1459 2379 1484 2430 i
1504 2392 1565 2432 m
1592 2392 1633 2431 u
1655 2392 1684 2431 s
1708 2391 1726 2447 3
1773 2374 1918 2433 c'est
1947 2375 2286 2433 l'ancienne
2313 2380 2594 2453 quantit&
2615 2380 2775 2453 regu-

624 2485 769 2543 11616
800 2486 941 2542 chez
982 2484 1199 2542 Plaute
1243 2487 1300 2539 et
1344 2484 1481 2540 Ter.
1526 2515 1598 2525 —
1651 2484 1806 2556 Voy.
1853 2484 2022 2539 aussi
2059 2483 2240 2541 ovid.
2283 2485 2429 2543 Met.
2475 2486 2581 2556 VI,
2633 2487 2768 2543 357:

623 2594 819 2649 vitam
868 2592 907 2648 d
928 2607 960 2648 6
982 2592 1022 2648 (1
1043 2608 1074 2647 6
1094 2596 1166 2647 ri
1188 2595 1212 2647 t
1231 2592 1252 2647 i
1274 2608 1302 2647 s
1354 2592 1419 2647 in
1453 2590 1622 2647 unda
1638 2608 1657 2662 3
1705 2590 1882 2648 Pont.
1917 2591 2018 2661 IV,
2048 2592 2104 2661 5,
2135 2593 2208 2649 6:
2259 2594 2339 2651 Et
2385 2595 2575 2650 maris
2624 2594 2772 2651 Ionii

624 2698 1192 2758 transieritis
1221 2714 1416 2771 aquas
1446 2714 1461 2767 ;
1501 2699 1608 2755 16:
1661 2701 1730 2754 ut
1771 2696 1960 2755 limen
2013 2700 2625 2773 contigeritis,
2681 2701 2768 2758 Cf.

623 2808 757 2865 erit.
784 2808 955 2865 Neue
980 2805 1289 2863 Formenl.
1324 2805 1405 2863 II.
1436 2806 1543 2863 509
1569 2823 1661 2879 sq.
1691 2806 1753 2862 20
1783 2805 1876 2861 ed.

695 2931 903 2990 222.
931 2934 1014 2991 Le
1044 2938 1206 2991 texte
1236 2934 1310 2991 de
1348 2948 1412 2989 ce
1444 2948 1584 2989 vers
1614 2937 1706 2989 est
1730 2933 1979 2990 difficile
2002 2935 2039 2989 ὰ
2058 2934 2297 2993 etablir.
2331 2937 2512 2995 Klotz
2556 2941 2768 3014 Speng.

622 3042 823 3100 Psich.
856 3042 981 3100 s'en
1013 3044 1292 3101 tiennent
1320 3044 1358 3099 ὲ,
1386 3042 1447 3098 la
1475 3042 1648 3111 lecon
1678 3042 1784 3098 des
1812 3059 1959 3099 mss·

712 3189 830 3240 Hoc
857 3166 998 3238 inihi
1031 3186 1186 3239 dolet
1213 3199 1318 3238 nos
1351 3198 1528 3250 paene
1559 3198 1688 3236 sero
1719 3185 1896 3238 scisse
1928 3172 2188 3251 et'paene
2220 3186 2279 3238 in
2314 3201 2444 3239 eum
2471 3188 2658 3241 locum

711 3283 948 3336 Redisse
978 3285 1043 3335 ut
1071 3284 1178 3335 etc.

690 3416 776 3473 Le
806 3414 1270 3472 redoublement
1295 3414 1369 3470 de
1388 3429 1605 3484 paene
1633 3418 1693 3471 et
1715 3413 1972 3487 l’ellipse
2010 3414 2085 3471 de
2129 3430 2302 3485 rem,·
2331 3416 2494 3489 sujet
2535 3418 2770 3475 evident

619 3524 692 3580 de
723 3526 972 3580 redisse
1004 3522 1118 3595 (Cf.
1168 3521 1358 3579 Haut.
1406 3521 1516 3578 113
1555 3526 1618 3578 et
1661 3522 1770 3578 359
1810 3524 1870 3578 et
1899 3522 2147 3580 Phorm.
2197 3522 2349 3596 686),
2400 3527 2772 3583 constituent

619 3631 781 3688 deux
810 3628 1415 3687 invraisemblances.
1457 3618 1643 3686 Guiet
1671 3628 1907 3686 voulait
1932 3630 2278 3704 supprimet
2293 3646 2511 3700 paene
2553 3632 2771 3691 devant

616 3752 761 3795 sero
789 3740 870 3805 et,
900 3737 1136 3810 d'npres
1175 3735 1285 3805 lui,
1340 3735 1491 3793 trois
1538 3736 1909 3793 manuscrits
1954 3736 2204 3794 anciens
2253 3738 2594 3797 donnaient
2639 3754 2770 3797 rem

614 3845 813 3918 parmi
840 3844 931 3901 les
961 3843 1232 3901 derniers
1261 3847 1424 3901 mets
1453 3843 1537 3900 du
1562 3860 1720 3901 νοτε.
1753 3843 2033 3917 Bentley,
2061 3845 2136 3902 de
2166 3848 2385 3915 11161116,
2417 3862 2500 3903 au
2544 3846 2666 3905 lieu
2705 3846 2772 3903 de

616 3959 679 4011 et
698 3969 913 4024 paene
944 3955 1017 4009 in
1069 3968 1219 4009 eum
1273 3954 1506 4021 locum,
1552 3953 1868 4028 proposait
1914 3953 2160 4011 d'ecrire
2205 3958 2269 4011 et
2316 3956 2389 4010 in
2439 3970 2592 4011 eum
2640 3970 2770 4013 rem

618 4064 828 4118 locum
847 4078 871 4127 ;
901 4059 1041 4116 d’on
1070 4058 1129 4116 le
1159 4061 1321 4117 texte
1351 4060 1423 4117 (16
1451 4059 1660 4117 Fleck.
1692 4064 1752 4116 et
1782 4060 1855 4116 de
1889 4060 2112 4133 Wagn.
2139 4076 2152 4117 :

702 4203 820 4253 Hoc
844 4200 984 4253 mihi
1012 4200 1167 4254 dolet
1195 4215 1299 4256 nos
1327 4215 1456 4255 sero
1487 4203 1730 4255 rescisse
1765 4204 1822 4255 et
1861 4215 2040 4267 paene
2075 4202 2133 4254 in
2169 4215 2301 4255 eum
2333 4218 2456 4255 rem
2490 4204 2676 4258 locum

606 4339 668 4391 et
698 4333 856 4391 celui
875 4334 949 4392 de
964 4334 1135 4392 Dzia.
1153 4335 1486 4410 mentique,
1518 4335 1666 4391 saus
1682 4333 1738 4390 le
1759 4333 2269 4408 deplacementcle
2290 4352 2430 4393 rem
2455 4354 2476 4392 .·
2507 4343 2569 4394 ei
2607 4352 2762 4395 rem

600 4456 815 4512 paene
846 4444 921 4499 in
952 4458 1101 4500 eum
1138 4444 1371 4501 locum.
