3125 4984
1331 356 1410 373 -·
1459 342 1667 387 vll—-

406 422 842 490 nrm-as
2335 424 2575 477 ffi-ffi

422 553 488 605 30

415 1721 484 1771 40

409 2253 478 2304 45

404 2804 473 2854 50

403 4120 502 4187 ιβ

693 557 854 615 Nam
880 554 989 631 qui
1009 554 1258 613 mentiri
1287 559 1396 613 aut
1426 556 1639 615 fallere
1668 554 1932 615 insuerit
1960 558 2225 632 patrem,
2481 555 2553 617 55

693 658 964 716 Audebit
994 662 1168 715 tanto
1197 660 1396 731 magis
1425 660 1717 718 audacter
1746 661 1999 719 ceteros,

694 760 935 819 Pudore
965 765 1024 818 et
1053 761 1425 819 liberalitate
1451 762 1679 820 liberos

697 870 978 927 Retinere
1011 870 1206 927 satius
1235 886 1366 927 esse
1397 872 1573 929 credo
1606 889 1791 945 quam
1822 876 2009 931 metu.

696 974 863 1029 Haec
894 974 1071 1030 fratri
1099 990 1338 1031 mecum
1369 992 1494 1031 non
1521 978 1897 1034 conveniunt
1924 994 2121 1052 neque
2149 979 2419 1053 placent.

695 1083 876 1139 Venit
907 1082 983 1139 ad
1015 1099 1112 1139 me
1146 1099 1325 1157 saepe
1357 1084 1685 1143 clamitans
1718 1087 1887 1159 ‘quid
1913 1086 2096 1144 Micio
2117 1088 2147 1145 ⁴?
2484 1083 2555 1141 60

695 1190 860 1257 Quor
881 1189 1085 1261 perdis
1117 1188 1572 1247 adulescentem
1603 1192 1827 1249 nobis?
1856 1209 2011 1265 quor
2039 1194 2253 1251 amat?

694 1301 860 1368 Quor
887 1304 1062 1374 potat
1082 1301 1110 1357 ⁶?
1136 1319 1291 1375 quor
1321 1305 1389 1358 tu
1413 1302 1512 1358 his
1543 1303 1726 1358 rebus
1754 1308 2072 1376 sumptum
2105 1303 2429 1378 suggeris?

693 1406 934 1463 Vestitu
967 1407 1157 1463 nimio
1190 1406 1504 1479 indulges;
1538 1407 1799 1463 nimium
1828 1408 2076 1483 ineptus
2106 1410 2210 1467 es’.

689 1513 965 1571 Nimium
995 1514 1126 1587 ipse
1157 1518 1248 1570 est
1298 1514 1489 1570 durus
1529 1517 1772 1587 praeter
1807 1530 2191 1588 aequomque
2229 1520 2291 1575 et
2324 1518 2427 1575 bo-

1965 1621 2137 1675 num,

613 1712 616 1715 ’
689 1713 769 1770 Et
797 1716 959 1769 errat
982 1713 1162 1786 longe
1191 1728 1329 1770 mea
1359 1714 1607 1787 quidem
1639 1716 1963 1784 sententia,
2480 1711 2553 1768 65

689 1826 805 1893 Qui
834 1824 1162 1899 imperium
1193 1826 1402 1883 credat
1427 1826 1677 1898 gravius
1705 1842 1836 1883 esse
1865 1830 1973 1882 aut
2003 1826 2287 1885 stabilius

690 1931 766 1988 Vi
795 1932 960 2004 quod
990 1933 1080 1999 fit,
1109 1948 1297 2005 quam
1325 1931 1484 1988 illud
1514 1934 1678 2005 quod
1705 1934 1974 1990 amicitia
2004 1934 2383 2007 adJungitur.

689 2038 827 2095 Mea
858 2040 945 2094 sic
973 2043 1065 2095 est
1095 2040 1251 2095 ratio
1283 2041 1343 2095 et
1373 2039 1460 2094 sic
1490 2039 1769 2096 animum
1801 2039 2024 2096 induco
2055 2056 2299 2101 meum:

692 2144 857 2201 Malo
884 2147 1130 2201 coactus
1160 2145 1268 2216 qui
1295 2160 1472 2200 suom
1499 2144 1773 2200 officium
1807 2144 1974 2213 facit,

693 2251 858 2307 Dum
886 2248 951 2306 id
980 2251 1268 2307 rescitum
1296 2250 1372 2305 iri
1402 2250 1612 2318 credit,
1644 2250 1945 2322 tantisper
1973 2253 2159 2323 pavet
2186 2264 2205 2321 3
2332 2240 2337 2246 ⁶
2476 2252 2549 2309 70

693 2354 758 2413 Si
782 2359 987 2429 sperat
1015 2354 1145 2411 fore
1175 2354 1356 2423 clam,
1384 2371 1629 2411 rursum
1660 2355 1735 2411 ad
1760 2356 2077 2428 ingenium
2108 2356 2285 2413 redit.

691 2465 802 2522 Ille
832 2481 1014 2539 quem
1045 2464 1338 2521 beneficio
1374 2464 1699 2538 adjungas,
1732 2480 1805 2521 ex
1833 2464 2040 2521 animo
2070 2465 2238 2535 facit,

691 2577 907 2634 Studet
937 2592 1050 2650 par
1079 2577 1320 2645 referre,
1354 2592 1643 2651 praesens
1679 2577 2023 2649 absensque
2045 2576 2210 2633 idem
2236 2578 2373 2635 erit.

689 2685 820 2741 Hoc
849 2686 1120 2759 patrium
1149 2688 1261 2753 est,
1295 2686 1501 2759 potius
1527 2686 1951 2742 consuefacere
1980 2685 2183 2742 filium

691 2792 815 2849 Sua
845 2796 1064 2867 sponte
1092 2796 1251 2849 recte
1284 2793 1482 2849 facere
1513 2810 1701 2866 quam
1735 2794 1934 2850 alieno
1962 2798 2128 2850 metu
2156 2808 2175 2865 ;
2474 2794 2545 2849 75

690 2900 822 2957 Hoc
851 2904 1027 2973 pater
1055 2917 1125 2956 ac
1155 2901 1447 2956 dominus
1478 2901 1773 2957 interest:
1810 2901 1925 2958 hoc
1955 2902 2063 2975 qui
2082 2902 2317 2974 nequit,

687 3006 983 3064 Fateatur
1013 3006 1250 3063 nescire
1275 3007 1582 3080 imperare
1612 3006 1845 3069 liberis.

694 3145 764 3155 —
794 3113 912 3171 Sed
942 3117 1113 3171 estne
1145 3114 1245 3171 hic
1275 3114 1472 3186 ipsus,
1508 3112 1582 3169 de
1600 3129 1721 3187 quo
1738 3114 1995 3186 agebam
2018 3112 2046 3170 ‘2'
2095 3115 2155 3170 et
2174 3115 2332 3170 certe
2364 3114 2417 3169 is

1513 3200 1516 3207 ’
2017 3206 2127 3259 est.

691 3310 909 3369 Nescio
941 3311 1093 3385 quid
1115 3311 1354 3368 tristem
1385 3311 1565 3384 video
1592 3326 1605 3368 z
1640 3311 1814 3368 credo
1839 3312 1991 3385 jam,
2023 3314 2094 3368 ut
2122 3311 2296 3379 solet,

657 3473 662 3477 .
696 3418 994 3491 Iurgabit.
1027 3450 1096 3459 —
1127 3418 1376 3476 Salvom
1410 3422 1467 3474 te
1493 3419 1803 3487 advenire,
1835 3419 2087 3487 Demea,
2469 3420 2541 3478 80

686 3508 818 3565 Gau
827 3510 1066 3567 demus,

1173 3721 1458 3781 DEMEA
1515 3719 1779 3779 M1c1o

1339 3916 1537 3961 SENES
1572 3918 1618 3961 11

743 4116 861 4174 DE.
936 4116 1132 4173 Ehem
1169 4119 1552 4189 opportune3
1589 4119 1645 4172 te
1675 4114 1879 4189 ipsum
1911 4118 2215 4189 quaerito.

543 4229 653 4287 M1.
694 4227 852 4297 Quid
879 4228 1074 4284 tristis
1105 4242 1169 4284 es
1191 4226 1219 4284 ‘2'
1277 4224 1395 4285 DE.
1453 4227 1659 4300 Rogas
1702 4227 1848 4285 me?
1889 4228 2009 4285 Vbi
2053 4230 2231 4285 nobis
2269 4230 2413 4286 Aes-

1818 4317 2065 4374 chinust
2096 4317 2126 4374 ?

685 4425 827 4485 Scin
843 4425 976 4501 jam
1002 4426 1152 4501 quid
1177 4426 1372 4485 tristis
1391 4441 1501 4499 ego
1523 4425 1641 4483 sim
1661 4424 1691 4483 ⁴?
1742 4424 1933 4482 Dixin
1951 4424 2067 4481 hoc
2086 4424 2215 4482 fore
2239 4423 2269 4482 ⁴?
